2642 4850
187 368 193 385 .
269 268 358 357 'xiv
579 270 990 353 -osuo'ntrtr
1103 264 1121 367 J

181 560 185 567 ι
353 476 761 562 primur,membranaceos,
774 479 810 541 in
823 488 936 560 [paon
945 478 1025 544 adeo
1034 479 1194 561 antiquus,
1204 476 1275 543 M.

287 582 439 664 Omeisri‚,
454 583 545 645 cuius
558 583 637 645 olim
652 580 723 652 suit,
740 583 871 650 iudicio,
887 580 1037 661 infronte
1052 583 1124 642 libri
1145 580 1254 663 adscrip
1271 608 1276 634 ·

287 684 341 747 Est
354 686 383 748 it
396 685 571 748 minutiore
586 685 766 771 litterarum
778 685 968 773 charactere,
992 681 1046 744 sed
1067 683 1257 768 negligenter
1274 723 1278 733 ·

215 806 217 811 ·
238 788 244 811 ¹
285 784 402 849 vitiose
415 787 592 849 admodum
605 806 623 851 a
638 783 735 849 scriba
750 787 842 848 valde
850 787 982 849 indocto
994 798 1147 848 exaratus.
1163 788 1286 849 Attame

198 914 200 919 ’
285 906 305 949 e
318 887 406 949 bono
419 900 454 949 et
465 908 552 950 nunc
567 888 681 971 ignoto
696 887 828 971 antiquo
849 888 958 949 codice
972 885 1143 969 exscriptus
1167 887 1295 967 videtort

221 1059 224 1065 ,
283 987 382 1056 habet
400 991 489 1051 enim
509 990 664 1051 lectiones
684 990 799 1077 multas
820 991 960 1074 egregias
981 1002 1015 1051 et
1030 989 1208 1073 elegantes,
1229 1009 1248 1069 q

240 1102 247 1115 ¹
284 1091 339 1153 vel
358 1108 430 1152 raro
448 1091 503 1169 vel
523 1109 682 1172 nusquam
703 1091 776 1153 alias
795 1090 1008 1172 reperiantur,
1034 1109 1094 1152 nec
1108 1087 1250 1172 proiecto
1264 1098 1302 1169 etl

165 1252 169 1259 ,
242 1216 245 1221 “
282 1192 418 1277 ingenio
432 1191 548 1274 stupidi
559 1189 718 1253 fraterculi
732 1192 891 1255 venerint.
909 1192 1068 1255 Continet
1080 1192 1184 1254 codex
1199 1176 1302 1255 omnitl

168 1278 172 1289 ¹
283 1293 432 1374 Horatii,
464 1292 519 1355 sed
540 1293 888 1377 cummagnalacuna,
921 1295 1062 1381 aSerm.
1087 1294 1113 1355 1.
1135 1305 1170 1371 5.
1193 1306 1293 1371 57-

283 1392 456 1474 11.1.49.
506 1394 567 1457 Ars
581 1395 706 1476 poetica
720 1392 858 1477 sequitur
880 1394 982 1457 statim
996 1414 1123 1459 carmen
1146 1381 1295 1456 semmam

244 1496 247 1501 ’
284 1496 426 1558 initiales
447 1497 623 1558 carminum
645 1496 750 1558 multe
770 1497 839 1558 auri
858 1497 988 1582 levigati
1005 1498 1110 1558 nitore
1131 1492 1303 1578 splendent

165 1586 171 1645 ι’
285 1597 480 1659 Lectionum
493 1599 562 1659 eius
581 1596 739 1678 specimen
756 1599 846 1661 dedit
865 1598 924 1661 (tlt
946 1599 1083 1679 Tloeoplt.
1105 1595 1254 1659 deMurr
1269 1597 1304 1657 io

282 1695 493 1762 memorabit
507 1697 665 1762 Ribliottn
685 1696 890 1791 Noriutberg.
905 1699 943 1765 P.
961 1701 1068 1783 111.p.
1087 1713 1134 1774 77
1148 1697 1214 1782 sqq.

291 1882 295 1893 1
365 1850 477 1917 Codex
481 1840 664 1945 frotarius,
686 1850 882 1924 chartaceus,
904 1853 939 1913 in
951 1853 1139 1922 volumine,
1176 1851 1305 1933 quodet'

285 1954 452 2019 Ciceronis
465 1955 506 2017 de
520 1951 632 2019 officiis
647 1955 764 2041 libros,
794 1957 874 2019 item
886 1954 1054 2017 Claudiani
1069 1954 1109 2015 de
1125 1968 1217 2036 raptu
1232 1953 1296 2014 Pro

287 2053 428 2139 serpinae
450 2077 594 2130 carmen,
618 2076 745 2120 carmen
766 2060 806 2120 de
831 2057 975 2120 litteral
997 2057 1100 2139 (quod
1118 2057 1193 2119 alias
1210 2054 1297 2137 Virgi-

195 2176 202 2185 ’
283 2158 330 2220 lio
353 2147 449 2219 tribui
472 2157 574 2243 solet),
608 2160 733 2243 Virgilii
749 2173 928 2231 moretum,
953 2170 985 2219 et
1004 2172 1125 2240 partem
1148 2156 1298 2219 batracho·

250 2260 259 2275 '
285 2258 505 2339 myomachiae
520 2260 666 2328 Homeri,
687 2261 789 2323 CLlV
803 2261 907 2325 latinis
922 2260 1115 2321 hexametris
1128 2258 1297 2347 expressam,

285 2361 443 2425 continet.
489 2361 570 2426 Satis
585 2361 743 2447 eleganter
759 2360 889 2445 scriptus
904 2361 947 2425 est
958 2362 1084 2423 Horatii
1101 2362 1214 2435 codex,
1227 2360 1298 2421 mul·

284 2463 389 2545 tisque
401 2465 715 2546 interpunctionibus
729 2464 902 2527 distinctus.
956 2464 1072 2548 Magna
1085 2465 1120 2523 in
1134 2464 1192 2527 illo
1213 2464 1298 2523 etiam

283 2563 403 2628 librarii
418 2566 596 2650 ignorantia
609 2567 767 2648 proditur,
789 2566 823 2627 in
840 2566 966 2628 Graecis
980 2563 1175 2654 praesertim.
1203 2563 1299 2627 Veluti

149 2677 153 2686 '
260 2653 343 2758 'etti
367 2667 510 2750 poeticae
529 2663 720 2749 subscripsit:
753 2664 858 2743 Τελός
881 2664 996 2753 φήνῃς.
1045 2668 1094 2764 ‘l’o
1116 2668 1176 2733 950
1199 2686 1297 2754 χαρις.

282 2767 344 2833 Ars
371 2768 495 2851 poetica
523 2768 606 2831 inter
636 2770 806 2833 Sermones
836 2783 869 2832 et
899 2761 1053 2851 Epistolas
1081 2768 1232 2842 collocata
1254 2765 1298 2829 eti.

284 2869 441 2955 Quamvis
455 2871 615 2934 recentior
627 2869 679 2932 hic
692 2892 819 2954 quoquc
833 2871 935 2934 codex
952 2871 1038 2931 baud
1052 2869 1149 2931 dubie
1162 2871 1210 2942 sit,
1225 2868 1297 2931 sorte

282 2990 304 3034 e
326 2972 457 3036 Saeculo
478 2965 553 3033 xiv
569 2986 721 3046 exeunte,
736 3043 741 3058 g
754 2987 861 3035 tamen
883 2972 970 3034 idem
1001 2971 1044 3034 ob
1066 2972 1220 3036 lectiones
1241 2989 1299 3032 non

284 3070 388 3136 solum
409 3072 509 3136 bonas
528 3074 731 3157 plenrmque,
764 3074 869 3139 sedet
898 3073 1040 3156 proprias
1061 3074 1118 3155 ipsi
1146 3075 1299 3156 quasdam,

284 3194 399 3257 easque
413 3176 571 3261 elegantes
585 3190 617 3237 et
632 3169 872 3248 memorabiles,
904 3195 923 3238 e
939 3173 1025 3236 bono
1042 3188 1075 3236 et
1086 3176 1211 3238 vetusto
1225 3174 1299 3235 libro

283 3274 456 3359 descriptus
470 3291 504 3339 et
517 3279 706 3340 emendatus
726 3279 865 3340 videtur.
905 3276 989 3336 Nam
1004 3273 1244 3338 emendatorem
1258 3294 1300 3335 ce·

202 3413 208 3420 -
279 3390 387 3441 terum
402 3379 572 3441 indoctum
586 3373 759 3442 hominem
770 3378 858 3442 fuisse
880 3392 1017 3459 apparet.
1071 3375 1147 3441 Via.
1167 3399 1199 3440 v.
1219 3399 1246 3442 c.
1266 3374 1301 3436 ad

281 3461 310 3542 Ῐ.
340 3491 395 3557 ¹5·
422 3491 569 3561 35221.
597 3483 713 3562 15.11.
732 3497 789 3547 12.
810 3493 844 3560 8.
864 3492 973 3545 etot.
1017 3475 1298 3543 eistettensis.

278 3577 363 3645 laud.
379 3603 411 3666 p.
431 3594 500 3662 108
517 3580 561 3666 sq.

356 3732 469 3798 Codex
491 3736 769 3820 herremanus,
802 3737 838 3798 in
858 3735 1056 3801 bibliotheca
1074 3736 1249 3800 academica
1262 3728 1301 3794 as·

278 3831 435 3909 servulus,
463 3833 662 3925 venerandae
683 3840 898 3921 antiquitatis,
942 3842 1032 3902 cuius
1062 3853 1096 3902 et
1119 3838 1300 3899 Bentleium

276 3935 432 4000 lectiones
445 3936 586 4002 habuisse
602 3940 760 4012 vidimust
784 3939 836 4002 sed
850 3939 1046 4024 pauciffimas
1060 3956 1092 4002 et
1105 3941 1300 4025 negligenter

276 4052 448 4123 excerptas.
477 4035 587 4104 'Tum
603 4058 731 4126 quoque
752 4042 864 4106 Lamb.
890 4044 956 4108 Bos
976 4046 1012 4107 in
1029 4039 1246 4106 animadversi.
1262 4036 1299 4099 ad

1234 4140 1297 4205 Ho-
