2642 4850
98 293 100 304 '
245 329 371 402 munit
477 315 1093 384 nnirtrauonartr.'

1306 379 1308 408 l

82 503 88 584 J
183 537 187 550 ι
256 551 260 560 ,
303 527 591 598 'vrttnflonam
613 507 740 591 abipso
762 505 989 590 elegantissime
1010 509 1154 594 pingitur
1177 509 1273 589 Epist.

143 649 145 654 ·
250 611 279 673 1.
305 612 338 673 6.
358 623 378 686 5
402 609 466 692 sqq.
517 611 585 673 Sita
606 623 673 673 erat
694 610 730 671 in
749 609 893 682 Sabinis;
932 630 1000 672 non
1024 611 1136 691 procul
1154 609 1276 671 Tibure
1308 631 1309 652 ³

250 710 361 773 verine
374 713 576 793 Aquilonem.
629 714 740 774 Vicina
754 726 820 773 erat
834 713 949 790 Varla(
959 711 1055 793 Epist.
1073 713 1097 773 l.
1124 720 1184 791 14.
1211 714 1276 790 3.).

252 815 333 875 item
348 812 498 876 Mandela
513 816 596 897 (Ep.
611 815 636 876 1.
657 826 714 893 18.
735 814 857 893 105.);
883 804 1067 896 proximum
1088 811 1202 874 fanum
1225 815 1277 873 Va·
1308 845 1310 898 p

256 934 355 977 cunae
372 918 455 997 (Ep.
469 919 496 979 l.
517 937 559 978 10
574 929 654 979 extr.
666 914 690 998 ).
732 907 814 1000 Ager
829 916 993 977 dicebatur
1006 883 1171 984 Bandusia,
1189 912 1277 977 fonte
1309 901 1310 984 l

214 1023 218 1032 '
254 1015 485 1095 Bandufioffi.
501 1020 562 1080 111.
580 1016 658 1104 15.)
671 1016 818 1103 insignia.
844 1018 930 1079 unde
947 1030 1035 1080 ortus
1050 1019 1140 1079 rivuo
1159 1019 1278 1101 Digen·
1309 1017 1311 1070 !

253 1119 299 1179 tia
326 1114 444 1202 (Epist.
464 1121 490 1183 l.
515 1132 570 1197 18.
600 1116 720 1203 wip),
753 1117 891 1179 fundum
914 1120 1039 1180 Horatii
1058 1116 1196 1180 suaviter
1216 1120 1280 1178 irri-
1310 1149 1311 1188 l

256 1219 359 1303 gabat.
412 1222 509 1286 Silvia
520 1236 553 1282 et
566 1222 755 1286 nemoribuo
775 1218 993 1284 annenissima
1011 1234 1077 1285 erat
1094 1221 1205 1305 tegio,
1237 1222 1281 1280 in·
1310 1221 1312 1248 *

256 1322 371 1403 primia
388 1322 497 1385 verius
511 1326 679 1410 antiquum
702 1324 859 1407 templum
879 1324 1023 1386 Vacunae
1044 1324 1099 1403 (v.
1115 1323 1205 1386 Plio.
1224 1323 1279 1382 lll.

262 1425 344 1500 12.)
354 1467 363 1494 ‚
374 1438 422 1506 get
434 1426 570 1508 amplius
584 1424 693 1486 versus
715 1426 875 1487 Anienem
888 1425 920 1486 fl.
938 1439 970 1485 et
981 1422 1282 1506 Tibursequebatur

258 1517 349 1585 luciis
362 1525 510 1596 Tiburni.
562 1526 633 1588 Nec
647 1527 779 1589 deerant
799 1524 885 1597 laxa,
916 1539 1028 1607 rupee,
1051 1528 1183 1587 dumeta
1204 1526 1280 1606 (Ep.

258 1627 286 1688 1.
310 1639 365 1703 14.
394 1623 493 1709 19.);
525 1643 562 1689 ut
582 1630 722 1692 maxime
743 1630 867 1710 poetica
885 1630 974 1712 regio
997 1628 1062 1688 dici
1082 1619 1196 1709 podet.
1247 1627 1281 1686 Iu
1311 1627 1313 1658 2

151 1767 154 1780 -
259 1730 404 1790 convalle
423 1731 506 1791 inter
520 1731 713 1792 Lucretilem
735 1723 883 1792 montem
899 1742 933 1789 et
956 1728 1107 1800 Vsticam,
1141 1725 1282 1789 saxosum
1313 1763 1314 1766 =

260 1830 396 1900 collem,
416 1852 512 1912 aquo
526 1830 589 1915 ipsa
606 1834 702 1893 etiam
726 1831 931 1894 vallie'Vltica
953 1831 1052 1902 dicta,
1085 1850 1155 1892 non
1174 1828 1282 1913 procul
1313 1885 1314 1904 p

259 1927 351 1993 fonte
366 1932 523 2016 Bandulfio
538 1935 591 2014 (v.
607 1936 709 1996 Serm.
726 1934 767 1994 11.
788 1935 822 1997 6.
833 1931 873 1994 a.
885 1927 917 2015 ).,
954 1932 1064 1994 villam
1087 1930 1189 2013 ipsam
1209 1931 1283 2014 post·

259 2044 325 2096 tam
335 2031 429 2104 ‹fuiffe
445 2033 608 2116 probabile
625 2035 679 2097 est.
723 2036 893 2119 Eleganter
904 2047 970 2097 erat
982 2034 1141 2098 aedificata
1158 2035 1199 2096 de
1214 2031 1282 2093 albo

258 2127 365 2215 lapide
379 2137 565 2199 Tiburtino.
617 2136 765 2199 Habebat
780 2141 813 2198 iu
831 2156 868 2199 ea
883 2135 1035 2197 Horatius
1049 2136 1196 2197 villicum
1214 2155 1283 2197 cum

126 2299 129 2306 ‚
259 2219 333 2296 octo
349 2220 462 2333 servia,
488 2251 521 2299 et
535 2233 690 2298 vivebant
703 2240 738 2300 in
758 2239 860 2324 agello
876 2239 1019 2320 quinque
1039 2235 1176 2298 familiae
1198 2236 1278 2322 (Ep.

258 2334 284 2396 Ι.
310 2350 364 2413 rr‘p.
383 2341 438 2415 5.)
470 2340 557 2398 untle
579 2337 647 2401 latia
668 2340 791 2401 lautum
811 2337 949 2400 fundum
971 2336 1060 2400 tuille
1079 2339 1282 2423 intelligatur.

260 2438 458 2522 Scriplemnt
477 2441 568 2521 plura
590 2442 629 2503 de
652 2443 728 2505 villa
749 2444 875 2505 Horatii
903 2428 1033 2505 Cluver.
1056 2454 1119 2503 ant.
1150 2442 1222 2504 Ital.
1244 2439 1282 2501 11.

8 2616 10 2631 .
262 2557 286 2619 9
302 2538 364 2621 qu.
377 2553 409 2601 et
423 2561 558 2626 magno,
586 2540 671 2605 forte
685 2545 789 2607 nimio
805 2544 923 2615 studio,
939 2592 942 2597 .
957 2542 1011 2606 M.
1026 2542 1067 2625 L
1091 2542 1283 2622 Copmartin

132 2678 149 2717 ·,
261 2639 302 2699 de
327 2642 465 2726 (i'lzaupy
483 2645 518 2705 in
546 2640 749 2739 Ddcouverte
770 2646 809 2706 de
836 2646 869 2708 la
896 2635 1019 2735 rnatson
1044 2645 1083 2706 de
1110 2663 1283 2724 compagae

219 2742 222 2761 '
262 2742 438 2815 damno,
482 2744 591 2807 Tomos
616 2748 692 2809 III.
732 2749 835 2810 Rome
868 2749 975 2820 1767.
1016 2758 1051 2824 8.
1100 2746 1282 2830 Elegantior

261 2846 365 2905 multo
381 2847 423 2908 est
435 2844 603 2908 Dominict'
616 2847 655 2906 de
670 2848 799 2910 Sanctis
805 2826 1147 2938 Dissertationosopia
1159 2848 1195 2943 lp
1208 2846 1282 2908 villa

145 3022 150 3029 .
262 2944 298 3006 dt
316 2942 574 3011 Oraz'ioflacco.
598 2951 639 3008 In
657 2938 765 3011 Romo
785 2954 891 3026 1761.
912 2959 947 3033 4.
981 2950 1129 3030 Denique
1145 2948 1281 3010 Haclrer·

260 3060 323 3117 tus,
351 3040 562 3112 nobiliffimua
577 3051 760 3123 delineantli
775 3050 896 3122 artifex,
924 3052 1114 3135 dexterrime
1130 3048 1281 3111 nonnulla

258 3151 325 3231 agri
334 3146 424 3213 ‘iilius
436 3148 583 3213 Bandusti
599 3153 667 3214 loca
677 3153 949 3245 repraesentavit,
979 3166 1012 3216 et
1032 3151 1198 3240 ingeniose
1218 3150 1282 3213 Ho-

223 3318 226 3327 ,
259 3251 332 3314 ratii
348 3250 575 3341 descriptiones
587 3256 627 3318 iit
641 3257 909 3320 accommodarit.
