2642 4850
149 250 295 351 *rw
496 232 974 357 interrito

58 558 63 573 ¹
160 450 164 457 ¹
228 468 334 547 milti
363 473 472 548 viam
511 468 742 557 sternercm,
806 458 979 566 metque
1014 463 1266 567 potiffimum

217 627 362 701 'Marte
382 624 531 701 starem.
591 629 684 729 Quo
707 624 843 699 minus
867 621 975 697 enim
995 647 1061 695 me
1080 622 1270 701 incom-

234 781 544 868 mentariorum,
571 760 661 868 seu,
697 795 745 854 ut
766 777 1012 877 antiquiores
1029 779 1272 877 interpretes

184 1012 187 1018 r
238 928 350 1006 haud
376 933 512 1033 inepte
535 932 772 1032 indigitant,
788 916 1129 1041 ¹'commentorum
1148 927 1276 1005 vasti-

179 1072 188 1091 *
237 1086 634 1191 teterinrmitterenr,
671 1108 765 1163 cum
790 1057 950 1175 ‚infiniti
972 1048 1110 1161 eoruru
1138 1087 1277 1185 copia,

90 1312 93 1321 ,
241 1204 512 1318 tummaxime
523 1238 607 1342 ipsa
620 1238 917 1317 commentandi
929 1240 1030 1317 ratio
1046 1237 1275 1315 absterruit.

172 1354 181 1377 i
241 1391 291 1466 ln
311 1395 605 1493 antiquioribus
628 1395 737 1471 enim
763 1382 909 1506 quum,
946 1395 1078 1469 aetatis
1102 1392 1281 1493 quidem

244 1542 358 1645 istius
397 1549 517 1641 vitio,
559 1548 660 1642 ⁸sola
690 1548 775 1625 fere
813 1549 994 1626 doctrina
1034 1544 1282 1638 scholastica,

249 1703 364 1778 omni
378 1702 593 1780 venustatic
609 1707 785 1807 poeticae
799 1701 914 1779 seusu
927 1705 1092 1793 eiurato,
1121 1719 1281 1803 regnet,

213 1910 224 1941 ,
247 1857 487 1935 recentiores
510 1875 644 1936 eutem
654 1860 845 1961 plerique
866 1859 1100 1959 interpretes
1117 1859 1165 1933 in
1181 1858 1284 1934 vul-

119 2052 123 2061 ·
249 2009 411 2109 guribus
431 2010 566 2091 diserti
588 2016 800 2105 lectorem,
831 2014 905 2095 ubi
929 2034 1049 2113 opem
1071 2002 1284 2102 deiideret,

250 2158 336 2237 fere
354 2165 584 2260 destituant,
611 2168 891 2277 captandisque
904 2165 1066 2268 insuper
1084 2144 1286 2243 acumini·

163 2336 165 2341 ’
252 2316 348 2409 bna,
384 2318 565 2421 dilogiis,
602 2338 642 2397 et
662 2347 764 2425 quae
783 2323 827 2398 id
847 2288 972 2423 genus
992 2319 1106 2411 sunt,
1133 2347 1286 2398 verum

256 2468 413 2550 senium
442 2482 647 2577 poeticum
673 2477 860 2581 perdant,
891 2504 933 2553 ac
960 2467 1139 2580 speciofis
1173 2504 1289 2555 eom·

255 2631 400 2706 mentis
424 2635 549 2708 ,varie
593 2632 787 2724 illudant;
836 2603 952 2712 facile
988 2590 1289 2735 praevidebam,

241 2783 551 2888 ¹generosiorem
575 2791 721 2866 mentis
752 2791 950 2889 impetum
978 2763 1162 2865 lectionis
1194 2814 1291 2865 mo·

259 2935 371 3013 lestia
397 2955 515 3041 atque
533 2929 667 3020 taedio
693 2927 1030 3034 ,sufflaminatum
1079 2943 1291 3042 animique

259 3092 458 3171 iudicium
475 3097 591 3197 plane
608 3094 796 3176 obtusum
810 3098 872 3171 iri.
929 3096 1022 3171 Rite
1036 3097 1161 3196 igitur
1174 3119 1294 3196 prae·

262 3249 406 3349 paratis
441 3243 629 3327 omnibus
654 3247 787 3326 acceffi
814 3251 867 3327 ad
892 3251 994 3326 hanc
1023 3252 1293 3352 provinciam,

263 3416 452 3512 tanquam
474 3433 496 3479 a
519 3405 680 3504 nemine
702 3403 803 3480 dum
828 3421 1076 3504 occupatam,
1121 3429 1294 3507 eamque

267 3555 318 3631 ad
344 3556 618 3660 praescriptam
643 3585 667 3633 a
687 3584 752 3634 me
779 3555 961 3661 superius
987 3557 1205 3638 formulam
1237 3565 1296 3637 ita

260 3711 433 3813 quidem
446 3714 667 3814 regundam
685 3713 981 3814 ornandamque
998 3712 1134 3805 statui,
1171 3732 1219 3791 ut
1243 3716 1299 3793 ad

127 3893 131 3924 ²
157 3939 173 3960 „
268 3891 406 3945 meum
420 3865 581 3969 prorsus
597 3864 755 3978 sensum
769 3868 943 3970 quodvis
960 3857 1118 3946 carmen
1136 3886 1302 3964 excute·

1208 4049 1301 4101 I'Om
