2642 4850
108 344 114 355 -
268 321 313 372 ιν
529 276 1018 377 enarrarre

61 452 63 463 Ι
240 466 442 591 ‘meteri
464 487 581 567 facile
613 487 686 567 fibi
715 488 956 569 cordatiores
985 486 1289 593 persuadebunt,

175 606 181 615 ι
268 641 384 723 [ime
407 669 493 722 non
510 646 747 746 translaticio
773 668 943 724 munere
967 647 1197 747 interpretis
1226 632 1290 723 de·

193 877 196 890 ,
264 792 502 877 functurum
525 800 646 890 olim,
676 826 826 903 quum,
854 825 953 900 quas
974 817 1104 904 partas
1122 802 1232 879 mihi
1250 802 1291 877 in

147 972 150 987 ·
266 952 445 1031 curando
469 953 550 1034 hoc
572 957 738 1057 negotio
765 954 934 1057 agendae
957 956 1208 1058 tuendasque
1226 956 1291 1032 de·

263 1103 475 1215 stinaffem,
500 1086 716 1214 specimine
732 1112 870 1213 aliquo
893 1111 1080 1213 evulgato
1097 1114 1292 1214 explicare

265 1265 486 1356 anniterer,
543 1267 706 1369 publica
757 1261 973 1369 profeffum
1020 1268 1290 1343 meminerint

263 1423 393 1525 Quam
411 1417 706 1522 profeffionem,
734 1446 828 1501 cum
842 1419 986 1516 iustpm
1003 1446 1169 1525 operae,
1210 1427 1293 1500 Ho-

262 1570 387 1666 ratio,
425 1568 649 1665 doctiffimo
660 1593 819 1680 poetae,
854 1602 963 1654 ame
986 1575 1291 1679 impendendae,

263 1728 571 1833 descriptionem
583 1749 811 1835 expromat,
849 1732 917 1810 hio
937 1732 1213 1836 reponendam
1235 1735 1295 1809 iu·

262 1885 415 1980 dicavi,
450 1913 533 1988 quo
554 1890 802 1977 luculentius
830 1888 927 1966 inde
955 1887 1073 1966 simul
1096 1903 1290 1991 appareat,

134 2034 144 2047 ⁵
262 2059 413 2145 quanto
431 2040 566 2123 studio
581 2047 620 2121 ei
633 2070 677 2120 re
693 2041 911 2148 ipsafidem
929 2043 1129 2124 adstruere
1144 2044 1291 2122 allabo-

262 2202 446 2279 raverim.

231 2433 261 2498 b
346 2355 475 2458 Igitur
498 2334 742 2459 quamquam
759 2356 825 2458 xis,
860 2356 934 2460 qui
953 2370 1093 2459 poetae
1119 2354 1288 2436 alicuius

262 2512 384 2590 verba
398 2537 442 2589 ao
455 2509 616 2592 sensum
630 2512 841 2590 commode
863 2528 981 2614 atque
998 2510 1204 2616 perspicue
1225 2537 1289 2589 ex·

261 2669 400 2771 plicat,
443 2668 543 2746 boni
570 2668 741 2746 omnino
764 2655 992 2770 interpretii
1020 2685 1149 2770 partes
1174 2666 1288 2745 susti·

259 2820 389 2904 nuiffe
406 2822 540 2900 videri
562 2822 702 2915 debet3
744 2824 791 2922 in
816 2825 983 2900 Horatio
1006 2839 1141 2902 tamen
1163 2826 1289 2901 maio·

259 3005 344 3058 rem
367 3004 574 3080 eampum,
608 2981 653 3058 in
672 2937 755 3080 qno
777 2975 857 3055 sese
876 2995 1071 3070 exerceat,
1109 2996 1289 3083 apertum

261 3136 335 3214 fibi
350 3133 571 3214 existimare
585 3133 716 3224 debet,
742 3156 954 3235 quumque
972 3137 1160 3213 Horatius
1179 3138 1216 3215 is
1232 3135 1288 3225 fit,

258 3303 482 3397 perquem
505 3293 710 3368 Romanae
737 3285 902 3391 poeseos
920 3287 1098 3367 maiestas
1127 3263 1286 3388 dotent,

116 3487 122 3494 ,
260 3451 334 3550 qui
354 3450 535 3549 linguam
553 3443 684 3535 suam,
725 3445 867 3534 Ennii,
897 3446 1076 3522 Lucretii
1096 3445 1288 3522 aliorum·

261 3630 340 3707 que
364 3602 571 3682 conatibus
594 3576 752 3676 tontum'
776 3567 1024 3691 exaioiatam,
1080 3597 1286 3677 felicissimi

258 3762 415 3862 ingenii
430 3761 528 3836 lima
548 3755 831 3857 perpoliverit,
871 3746 1038 3856 eanr'que
1052 3755 1104 3831 ad
1119 3758 1286 3831 Graecae

257 3913 422 4019 poeseos
466 3913 633 4016 genium
669 3907 912 3988 inflectendo
949 3906 1286 4012 informandoque

1167 4065 1286 4154 novis
