2642 4850
208 352 280 405 mv
538 349 605 404 ne
648 345 923 428 ponerer

653 523 811 615 (etv-l

195 683 197 688 ‘
293 659 335 758 ρ.
361 661 408 725 H.
424 650 480 725 'Ft
505 651 688 753 opusculo,
721 661 848 725 Romae
869 680 910 723 ex
931 651 1061 756 officina
1080 659 1269 725 Iohannis

214 762 360 846 Philippi
374 762 413 824 de
427 763 631 847 Lignamine.
864 789 867 796 ⁴

260 939 263 946 r
288 896 495 981 Quamquam
508 917 621 982 pamm
634 897 835 981 exploratum
849 897 897 969 stt,
923 903 1004 960 nuni
1015 894 1181 980 Opuscula
1198 898 1271 962 ista

166 1023 171 1028 ·
206 997 294 1062 'anni
316 1012 392 1062 nota
406 1001 552 1086 inssgnita
567 983 639 1071 sint,
661 1018 782 1073 necne3
807 998 847 1061 ad
865 999 955 1061 hunc
969 1012 1076 1061 tamen
1092 1000 1150 1059 rel
1167 1001 1271 1064 adeo

69 1090 74 1098 ’
216 1101 460 1182 praecedentem
480 1112 585 1182 ¹47⁰·
601 1120 724 1164 annum
732 1101 912 1164 editionem
923 1097 1011 1163 istam
1024 1099 1136 1162 referri
1152 1120 1274 1184 opor·

216 1214 284 1280 tere
303 1222 342 1265 ex
361 1205 524 1284 ipsammet
546 1206 593 1265 lo.
610 1204 673 1266 Ph.
690 1203 731 1265 de
748 1202 1117 1287 Lignamine'Epissola,
1156 1205 1273 1286 operi

219 1301 391 1366 Dominici
411 1304 589 1377 Cavalcae,
616 1304 836 1385 Pungiiingua
864 1303 919 1389 (T
916 1315 1042 1366 ructato
1072 1317 1203 1366 cotttra
1234 1307 1271 1370 el

159 1441 171 1452 ·
216 1418 350 1484 peceato
365 1405 447 1466 detta
462 1407 589 1487 lingna,
615 1406 703 1467 dicto
717 1407 839 1488 Pongie
857 1405 984 1486 lingtta)
1007 1402 1184 1487 inscript0‚
1224 1429 1273 1471 ac

216 1504 342 1576 Romae
364 1518 456 1586 1472
471 1529 488 1568 a
502 1506 531 1569 le
546 1503 651 1579 edito,
682 1509 816 1592 praefixa
839 1499 1050 1592 cognoscitur.
1082 1507 1133 1568 lbi
1159 1511 1276 1573 enim

218 1607 313 1680 dicit,
348 1607 378 1668 le
402 1610 465 1670 ianr
479 1603 657 1700 secundum
677 1630 807 1702 annum¹
821 1609 946 1672 Romae
962 1629 1069 1694 agere,
1096 1623 1130 1670 et
1145 1608 1195 1674 ab
1218 1632 1273 1676 eo

130 1719 132 1729 ¹
159 1735 169 1762 ι
218 1705 402 1790 impressum
414 1709 473 1772 elle
487 1712 744 1795 Quintilianum,
768 1712 975 1782 Suetonium,
1004 1710 1184 1775 LeoniaP.
1203 1713 1269 1778 M.

217 1807 395 1883 sermones,
419 1813 635 1885 Lactantiunr,
664 1810 867 1876 dmbrolium
886 1813 926 1875 de
942 1810 1081 1884 Officiis,
1108 1813 1278 1879 Lauren·

217 1912 255 1971 tii
283 1913 483 1999 Elegantiaa,
522 1915 657 1977 Horatii
682 1905 846 2006 opuscula
881 1930 959 1977 caet.
1023 1912 1074 1977 Gi.
1106 1919 1273 1983 omnino

217 2010 403 2104 Audiffredi
423 2017 521 2080 Catal.
544 2017 869 2080 historico-criticum
891 2001 1111 2078 Romanarum
1130 2018 1275 2082 editio·

219 2135 300 2177 num
320 2115 433 2182 saeculi
452 2119 520 2183 XV.
540 2141 573 2202 p.
599 2129 659 2198 84.
684 2130 744 2197 35.
765 2132 797 2179 et
818 2125 851 2201 p'.
883 2134 951 2180 112
973 2116 1036 2200 [qq.
1053 2118 1111 2178 ubi
1131 2117 1181 2180 de
1202 2123 1272 2187 Io.

218 2218 302 2281 Pau.
335 2219 374 2282 de
404 2220 597 2303 Lignantine
614 2219 681 2282 fule
703 2217 850 2302 disputat.
914 2219 1007 2282 Adde
1032 2219 1132 2281 Laire
1154 2222 1277 2305 δραι,

218 2332 358 2402 p.mn

290 2455 418 2519 Eodem
431 2476 517 2519 anno
531 2458 701 2520 Horatium
714 2454 852 2539 Neapoli
867 2457 950 2538 apud
960 2455 1119 2516 lodocum
1134 2456 1277 2524 Hoetu·

218 2554 297 2618 stein
312 2568 348 2636 4.
366 2558 531 2639 prodiilie,
558 2561 688 2639 eiusque
703 2559 886 2640 exemplum
901 2560 935 2617 in
951 2558 1146 2627 bibliotheca
1173 2563 1277 2626 civi-

218 2677 252 2717 ca
268 2657 491 2741 Argentinenli
506 2659 649 2720 affervari
666 2659 761 2720 dubia
782 2648 958 2720 admodum
974 2660 1036 2720 frde
1052 2660 1147 2720 tradit
1176 2663 1276 2726 Giu-

135 2746 136 2749 '
207 2755 351 2849 stiniani
364 2760 481 2844 Saggio
499 2759 574 2824 sulla
595 2752 712 2846 tipogr.
728 2762 763 2822 di
778 2760 896 2843 Napoli
917 2781 949 2845 p.
970 2762 1032 2841 46.
1084 2760 1140 2823 Est
1162 2763 1278 2832 haud

178 2942 183 2949 ὁ
219 2858 318 2922 dubie
330 2880 356 2924 a.
378 2872 486 2944 1474.
735 2894 738 2899 ·

650 3031 808 3120 (1472)

293 3158 446 3245 Adhunc
459 3168 513 3232 vel
527 3171 714 3252 proximum
734 3164 857 3231 annunt
873 3165 1003 3230 Debure
1018 3165 1177 3249 Bibliogrf.
1206 3172 1273 3235 ἰη-

168 3268 172 3273 “
206 3262 329 3359 finiet.
345 3270 386 3332 Τ.
406 3271 432 3331 1.
450 3291 483 3353 p.
502 3285 586 3352 312.
602 3272 782 3339 editionem
795 3269 993 3333 referendam
1009 3272 1137 3341 iudicat,
1167 3293 1275 3353 quae

108 3416 111 3424 .
218 3367 284 3429 line
297 3368 379 3442 loci,
406 3374 499 3444 anni,
525 3387 558 3435 et
570 3371 764 3458 typographi
777 3375 910 3436 nomine
922 3375 957 3433 in
972 3371 1050 3434 folio
1066 3369 1180 3433 excusa
1199 3377 1275 3451 est,

212 3469 281 3532 'hoc
293 3468 360 3534 solo
374 3472 488 3535 ductus
505 3487 713 3558 argumento,
736 3476 824 3557 qnod
837 3475 1019 3556 exemplum
1036 3477 1121 3545 eiua,
1155 3481 1277 3555 quod

218 3562 254 3632 in
273 3571 383 3636 Ducis
404 3574 444 3633 de
459 3575 494 3635 ln
510 3574 545 3637 V
543 3575 648 3637 alliere
672 3575 866 3649 bibliotheca
887 3575 979 3646 ellat,
1000 3596 1073 3636 cum
1098 3575 1275 3646 editione

218 3674 355 3747 Catulli,
384 3675 525 3746 Tibulli,
565 3691 600 3739 et
626 3676 788 3759 Propertii
815 3678 959 3760 principe
989 3697 1017 3739 a.
1056 3687 1164 3756 1479.
1194 3676 1273 3749 fol.

218 3792 420 3859 compactum
443 3775 563 3848 firmet,
593 3779 737 3861 illudque
765 3781 1026 3864 integumentum
1047 3775 1157 3859 adipi
1199 3782 1277 3848 ista

175 3889 177 3891 ’
219 3890 363 3964 tempora
387 3878 523 3962 spectare
542 3880 721 3952 videretur,
754 3893 825 3943 tum
842 3882 931 3963 quod
954 3881 1105 3942 Horatius
1129 3880 1275 3950 iisdem

93 3962 100 3973 ’
219 3978 283 4042 fere
304 3982 397 4062 typia
415 3980 586 4062 exscriptus
610 3980 700 4052 effet,
731 4001 810 4064 quoa
835 3968 979 4045 Catullus
1009 3994 1041 4043 et
1057 3981 1175 4061 reliqui
1197 3983 1274 4051 ha.

115 4066 118 4077 ’
142 4094 148 4103 ·
219 4082 344 4146 herent.
396 4082 488 4167 Quae
501 4094 632 4165 utraque
648 4102 745 4165 quam
760 4084 842 4148 levia
854 4084 935 4147 ratio
951 4081 1005 4156 iit',
1030 4080 1121 4145 facile
1138 4085 1187 4142 rei
1208 4086 1276 4149 in.

1099 4183 1275 4269 telligeru
