2642 4850
823 244 827 261 2
914 234 922 273 t

235 316 309 378 m
558 315 624 369 ne
664 302 934 370 nouam

355 522 359 530 ·
446 486 1052 554 conuentu-comum.
1165 528 1170 536 -

312 600 483 678 Deiectum
507 612 619 675 habuit
641 610 799 676 Combiue
818 614 924 678 Codd.
944 617 1235 692 Harleianorum,
1258 582 1319 707 in}

237 715 354 782 Museo
380 717 565 779 Britannico
597 713 851 788 adservaturum,
894 736 935 779 ex
964 721 1066 801 iieque
1095 716 1319 823 sequentes(

237 822 382 901 rueliorie
397 834 491 881 notae
514 818 612 881 libroe
625 817 788 891 adhibuit,
814 819 860 882 ita
872 820 911 883 ab
926 839 966 885 eo
984 822 1177 909 deugmtoa

403 952 442 1014 ll.
467 944 649 1030 ΝΛΜ.
677 948 753 1012 laec.
781 950 820 1014 X.

403 1053 444 1115 Β.
466 1087 518 1103 -
543 1038 652 1134 3534.
693 1083 743 1100 -
776 1053 851 1115 rut.

405 1155 444 1219 C.
473 1189 522 1206 -·
545 1167 655 1237 2724.
690 1182 741 1199 -
781 1156 872 1228 Xlll.

287 1274 289 1278 ·
403 1259 448 1320 D·
478 1292 523 1307 -
547 1269 655 1337 5754·
690 1284 741 1300 -
780 1259 849 1321 XV·

403 1359 444 1422 E.
471 1392 520 1407 -
548 1358 659 1437 2609.
695 1390 743 1405 ·-
779 1359 849 1425 XV.

239 1520 242 1527 .
406 1460 443 1523 F.
479 1491 523 1509 «-
548 1461 661 1539 4362.
697 1491 747 1508 -
780 1462 850 1524 XV.

172 1582 178 1590 ·
345 1610 347 1615 ,
377 1562 448 1626 'Gt
471 1596 520 1611 -
548 1563 659 1626 2621.
694 1591 744 1610 -
782 1562 875 1629 lilll.

237 1686 429 1760 Edition‘em
442 1691 568 1777 insuper
581 1695 774 1777 principem,
799 1695 834 1756 in'
850 1691 1049 1771 Bibliotheca
1062 1694 1170 1782 Regia
1187 1699 1302 1767 affer.

239 1810 365 1870 vatem,
385 1797 535 1881 perlegit,
559 1808 593 1859 et
607 1798 762 1861 lectiones
783 1801 883 1859 variae
898 1796 975 1870 iude
991 1801 1148 1863 enotavit.

385 1973 541 2038 CODD.
569 1973 795 2071 Iosquc.
830 1974 901 2035 DE
931 1975 1120 2053 Azutte.

255 2107 258 2115 '
315 2102 480 2164 interioris
498 2114 592 2162 notae
609 2100 714 2162 Codd.
730 2101 869 2182 aliquot,
891 2100 930 2162 ad
945 2121 1024 2184 quoa
1040 2114 1170 2163 textum
1186 2111 1299 2190 typis

239 2199 441 2268 'Bodonianie
469 2203 715 2283 exprimendum
742 2205 896 2287 exigeret,
934 2205 971 2264 ad
997 2219 1130 2266 manum
1152 2205 1298 2272 habuit

241 2306 350 2386 Eques
370 2299 604 2370 illustriffimue.
633 2323 651 2365 e
673 2302 864 2366 bibliotheca
887 2301 1298 2394 ampliffimaeademque

148 2441 151 2450 ·
240 2403 405 2470 lectiffinta
421 2403 565 2468 Chiliana
575 2406 778 2488 depromtoa3
791 2409 927 2491 quinque
941 2408 1095 2469 nimirum
1106 2407 1296 2488 odarum,

140 2585 143 2594 Ι
242 2523 308 2606 eret
320 2505 555 2601 Epssolantm,
579 2510 667 2570 Artis
682 2511 822 2588 poeticae
840 2523 873 2571 et
890 2509 1087 2579 Sermonum,
1123 2531 1296 2592 quorum

184 2657 192 2670 .
244 2612 312 2673 duo
334 2630 374 2671 ex
390 2608 508 2672 eodem
529 2607 675 2670 thesauro
694 2609 856 2672 acc'ellere:
883 2612 1013 2672 tertium
1028 2612 1200 2680 Zeladiana
1223 2619 1296 2681 Bi.

242 2708 552 2773 bliothecdluffecit.
606 2710 792 2782 Lectiones,
830 2732 905 2793 quaa
929 2714 962 2773 in
982 2695 1021 2773 ii‘a
1039 2714 1293 2796 deprehendit,

242 2812 332 2876 scitae
355 2814 525 2894 doctaeque
546 2812 633 2874 idem
653 2826 747 2875 vocat
766 2814 800 2875 in
819 2813 1011 2885 doctiffitna,
1040 2815 1291 2904 eleganterque

243 2915 354 2998 leripta
376 2912 509 2977 Praefat.
532 2934 564 2998 p.
588 2917 628 2979 X.
650 2928 687 2976 ut
700 2917 779 2977 adeo
793 2918 1009 2999 maximopere
1024 2916 1208 2983 dolendum
1226 2927 1288 2996 fit,

239 3019 420 3081 lectionum
442 3017 680 3101 exquilitiomm
699 3018 844 3081 silvulam
864 3018 900 3079 in
923 3018 1006 3081 calce
1025 3018 1194 3108 libritnon
1220 3030 1289 3090 ad.

240 3122 357 3186 ieetatn
371 3116 471 3183 inille.
545 3175 548 3184 .

483 3314 661 3379 CODD.
697 3316 1018 3383 OBERLINI.

317 3439 577 3527 QuatuorCodd.
592 3441 684 3505 MSS.
700 3441 1013 3527 Argentoratenstbua
1024 3442 1098 3506 ulus
1112 3442 1282 3512 ellOber·

240 3543 337 3615 linus,
359 3546 410 3606 vir
424 3544 630 3607 humanitatis
642 3546 757 3626 pariter
768 3558 861 3626 atque
874 3531 1084 3626 euquifitioria
1098 3548 1280 3615 doctrinae

237 3644 333 3708 laude
346 3642 599 3717 florentiffimua,
626 3666 645 3707 e
659 3647 774 3727 quibua
789 3649 822 3707 in
836 3643 927 3707 ulum
943 3648 1065 3710 critices
1085 3652 1281 3716 extantiora

239 3747 371 3808 inealce
385 3743 649 3830 splendidiffimaa
663 3747 733 3810 suae
757 3749 909 3811 editionis
930 3750 1105 3812 adiicienda
1126 3756 1276 3824 curavit.

240 3835 290 3912 lia
305 3867 383 3911 vero
398 3846 621 3911 accuratiffime
636 3869 693 3911 eos
705 3848 867 3912 describit:

320 3949 401 4013 Cod.
419 3953 458 4013 A.
486 3951 619 4011 Formae
635 3965 762 4032 quartae
776 3950 897 4014 saeculo
912 3953 951 4015 X.
968 3952 1155 4017 tribuendus
1171 3956 1272 4020 vide·

242 4065 312 4126 tur,
342 4052 431 4136 quod
452 4049 650 4134 frequentior
668 4053 961 4139 diphthongonun,
994 4053 1138 4138 separatio
1159 4056 1267 4121 literia
1301 4117 1307 4124 .

279 4181 283 4190 ·
1136 4154 1263 4240 scripta·
