2642 4850
600 349 665 401 DE
707 307 969 402 stonum

1011 479 1016 494 Ι

377 513 1250 566 ..κ-*ΜΝ

1239 554 1242 562 t

382 595 386 604 ι

739 954 813 1009 ΒΕ

277 1089 641 1208 r-t'orttrtt
705 1043 1275 1213 uotTtoutnvs.

165 1543 167 1550 “
264 1493 401 1642 Quum
417 1528 658 1612 praestantiores
682 1524 747 1592 lere
769 1526 933 1612 scriptores
960 1542 1101 1604 veteres,
1141 1533 1187 1597 ad
1209 1549 1285 1616 quot

261 1634 459 1697 illustrandos
471 1630 751 1712 emendandosque
760 1633 825 1695 Viri
841 1632 1057 1695 doctiindeab
1073 1636 1212 1698 inventa
1223 1649 1284 1697 arte

262 1734 488 1818 typographica
501 1733 644 1793 certatim
660 1730 759 1792 studia
775 1731 827 1795 lna
847 1733 1028 1805 contulere,
1059 1736 1194 1822 lingulis
1218 1756 1284 1820 pro·

261 1838 439 1923 pemodum
453 1834 544 1896 annis
556 1833 769 1920 plura‘praela
788 1835 1003 1903 exercuerint,
1036 1837 1104 1899 steri
1118 1842 1176 1900 vix
1199 1837 1283 1921 posse

261 1940 421 2011 existimo,
445 1951 482 1998 ut
495 1936 641 1998 lectionis
657 1931 711 1996 seu
725 1947 846 2006 textus,
870 1956 966 2018 quem
977 1952 1111 2008 vocant,
1141 1941 1282 2025 origines

260 2064 295 2103 oc
306 2040 410 2102 sontes
421 2039 514 2122 plane
530 2036 739 2121 indagentur,
760 2036 882 2098 nedum
894 2037 992 2098 rivuli
1005 2057 1120 2101 omnes
1136 2042 1217 2103 inde
1233 2042 1284 2101 de·

259 2145 361 2212 ducti,
389 2140 615 2220 Maeandrique
636 2138 729 2200 instar
748 2138 912 2210 ludentes,
944 2140 1164 2221 expediantur.
1206 2142 1281 2205 Fere
1314 2135 1315 2138 ’

260 2246 349 2305 enirn
364 2243 514 2322 quisque,
540 2253 578 2298 ut
591 2239 666 2300 alias
680 2237 793 2301 caulsas
809 2253 946 2310 taceam,
971 2244 1124 2304 novando
1140 2247 1288 2323 interpr-v
1314 2295 1315 2302 ,

260 2346 417 2426 laudeque
433 2342 552 2423 pedum
567 2338 718 2422 vestigia,
751 2342 938 2425 vulpeculae
954 2342 1063 2415 instar,
1092 2346 1202 2407 delere
1225 2345 1281 2406 llu-
1314 2325 1315 2334 ἵ

259 2449 369 2515 debat,
394 2463 583 2523 novumque
595 2442 655 2511 iter
671 2442 821 2526 ingressus
836 2430 939 2505 videri
952 2445 1109 2527 cupiebat.
1130 2461 1133 2465 ’
1161 2448 1280 2532 Quam·

166 2578 192 2593 ··
258 2568 353 2630 quom
375 2547 473 2630 igitur
494 2544 677 2605 editionum
702 2543 827 2624 stirpes,
860 2544 993 2607 familias
1018 2560 1052 2607 et
1071 2551 1280 2632 cognationes

175 2708 179 2715 ,
258 2652 413 2712 deducere
435 2665 470 2706 ac
492 2645 682 2730 distinguere
700 2643 925 2708 difficillimum
946 2648 1001 2720 stt;
1023 2662 1146 2720 tamen,
1179 2667 1279 2732 quum

256 2750 365 2811 issaar:
382 2743 608 2809 vicissitudines
623 2759 807 2818 contextus,
830 2768 886 2829 per
902 2762 1025 2809 tantum
1043 2754 1199 2832 temporis
1223 2765 1278 2810 tra·

256 2867 362 2921 ctum,
395 2851 434 2910 ad
461 2869 557 2930 quem
577 2845 642 2910 fere
666 2848 778 2939 caligat
802 2847 916 2917 visus,
936 2853 1276 2935 propagati-rationem

256 2954 510 3032 mutationesque
523 2949 608 3010 nolle
623 2969 775 3031 perquam
790 2946 982 3025 iucundum,
1008 2953 1151 3015 ad'crisrn
1168 2968 1275 3021 autem

205 3100 207 3105 .
254 3069 338 3117 recte
354 3053 577 3115 instituendam
589 3053 764 3111 admodum
783 3050 987 3115 necell'ariuru
1000 3053 1047 3122 stt,
1072 3061 1273 3116 committere

255 3157 362 3225 nolui,
385 3170 421 3214 nt
437 3169 532 3235 opera
543 3154 595 3215 ista
610 3154 644 3213 in
660 3153 796 3214 Horatio
809 3151 934 3234 prorsus
944 3155 1179 3222 delideraretur.
1212 3158 1272 3219 Es·

198 3264 203 3275 ‘
255 3272 400 3341 pertnrus
420 3257 532 3338 igitur,
566 3250 732 3336 quousque
753 3255 787 3353 in
807 3253 871 3316 hoc
887 3257 1020 3340 negotio
1035 3260 1185 3342 progredi
1200 3261 1270 3319 lice·

252 3373 317 3426 ret,
344 3358 495 3437 simulque
507 3357 667 3437 planiores
687 3357 955 3439 accuratioresque
976 3358 1157 3421 editionum
1178 3360 1273 3423 liuius

252 3476 364 3542 poetae
385 3458 512 3519 annales
534 3453 736 3518 confecturus
754 3476 822 3518 non
844 3470 970 3535 tantum
992 3458 1066 3521 edd.
1085 3462 1270 3551 congeriem

253 3582 270 3622 a
287 3564 352 3624 VV.
367 3562 439 3623 Du.
461 3572 529 3621 rem
545 3558 714 3619 literarium
730 3560 919 3641 augentibus
933 3558 1270 3649 hucusqueadgesram,

193 3736 197 3743 Ι
252 3665 449 3744 amplasque,
475 3679 552 3741 quas
564 3658 757 3721 bibliotheca
767 3661 954 3723 Academica
968 3660 1115 3747 Gottiog.
1131 3663 1268 3730 afferrat,

252 3768 358 3847 copisa
372 3762 555 3845 perlustravi
571 3761 802 3844 diligenterque
816 3759 947 3833 excuti,
977 3760 1029 3825 led
1046 3766 1144 3826 etiam
1161 3765 1267 3832 libros,

253 3870 293 3928 de
328 3868 374 3927 rei
405 3865 547 3925 librariae
572 3863 754 3944 primordiis
780 3877 1011 3946 exponentes‚·
1031 3884 1066 3926 ac
1097 3865 1266 3929 bibliothe-

251 3988 356 4030 carum
377 3966 585 4048 insigniorum
612 3965 786 4046 catalogos,
818 3966 975 4047 aliosque,
1000 3967 1169 4047 inquibus
1192 3964 1265 4030 edd.

251 4070 377 4132 Horatii
403 4068 569 4129 notitiam
584 4067 720 4147 aliquam
760 4085 922 4130 occurrere
949 4069 1176 4141 memineram,
1220 4068 1264 4128 in·

1173 4168 1265 4254 speri,
