2642 4850
863 248 868 265 ›
955 238 963 278 t

275 323 402 386 xvr,
571 308 975 375 ‹uano'uarrt

395 528 400 537 ·
487 491 1093 559 conuertttcoutun.
1197 530 1201 539 a

353 604 524 685 Deiectum
548 618 660 681 habuit
683 616 840 682 Combiue
859 619 965 683 Codd.
985 622 1251 693 Harleianorum,
1265 624 1294 680 in

278 723 395 790 Museo
421 724 606 786 Britannico
638 719 893 792 udlervatorum,
937 741 976 784 ex
1005 726 1107 806 iia'que
1135 722 1297 807 sequentur

279 829 423 905 melioria
438 841 532 889 notae
555 824 653 887 libros
667 823 830 896 adhibuit,
856 825 901 887 ita
913 825 952 888 ab
967 844 1008 890 eo
1026 827 1210 913 defiguntur

445 959 483 1021 A.
508 940 691 1036 ΝΛΜ.
718 955 795 1019 laec.
822 958 862 1020 X.

285 1092 288 1100 ·
421 1059 485 1137 ¹B·
507 1094 559 1109 -
584 1040 694 1140 em.
735 1089 784 1106 -
817 1059 892 1121 XU-

447 1162 486 1227 c.
514 1194 563 1214 -
586 1174 697 1245 2724·
731 1188 783 1205 -
823 1161 914 1235 κω.

315 1282 331 1355 q
444 1266 490 1327 D·
520 1299 565 1314 -
589 1276 697 1344 5754·
731 1290 782 1306 ·-
821 1264 890 1326 XV·

445 1366 486 1429 E.
513 1399 562 1414 -
589 1365 701 1444 2609.
737 1396 784 1410 -
821 1365 891 1431 XV.

448 1467 485 1530 F.
521 1498 565 1516 «-
590 1468 703 1546 486α.
739 1498 788 1514 -
822 1468 892 1530 XV.

386 1616 389 1623 .
419 1600 425 1619 .
450 1568 490 1632 Gt
513 1603 562 1617 -
590 1570 701 1633 2621.
736 1598 786 1617 -·-
824 1568 917 1633 XIII.

279 1696 471 1767 Editionem
483 1698 610 1784 insuper
623 1702 816 1784 principem,
841 1701 876 1762 in'
892 1697 1091 1777 Bibliotheca
1104 1699 1209 1786 Regia
1222 1697 1301 1763 aller·

281 1807 407 1878 vatam,
427 1805 577 1888 perlegit,
601 1815 635 1866 et
650 1805 804 1868 lectiones
825 1807 925 1865 variae
940 1802 1017 1876 iude
1033 1807 1190 1868 enotavit.

427 1952 583 2045 cono.
611 1980 838 2077 mente.
872 1981 943 2041 nu
974 1980 1163 2059 luunt.
1199 2012 1200 2029 .

297 2115 301 2123 ’
357 2108 523 2171 interioris
541 2120 635 2169 notae
651 2107 757 2169 Codd.
772 2108 912 2189 aliquot,
934 2107 975 2168 ad
987 2127 1067 2189 quoe
1082 2119 1210 2168 textum
1224 2106 1300 2188 typis

279 2194 490 2276 ²Bod0nianit.
512 2210 757 2290 exprimendum
784 2212 938 2293 exigeret,
976 2211 1013 2269 ad
1040 2229 1173 2271 manum
1195 2207 1302 2270 habult

284 2313 392 2394 Eques
412 2306 647 2378 illustrissimus.
676 2329 694 2373 e
716 2310 906 2373 bibliotheca
930 2307 1301 2392 ampliffimaeademque

283 2410 449 2477 lectiffirna
463 2410 608 2475 Chiliana
618 2413 803 2495 depromtoe
811 2433 821 2487 ;
834 2415 969 2497 quinque
983 2414 1138 2473 nimirum
1148 2412 1301 2479 Oduruur,

183 2592 186 2606 Ι
285 2530 351 2579 tres
363 2512 597 2608 Epssolurum,
622 2517 710 2577 Artis
725 2517 865 2595 poeticae
883 2529 916 2578 et
932 2515 1129 2586 Sermonum,
1165 2532 1302 2596 quorum

227 2663 235 2678 .
283 2603 355 2680 duo
377 2636 417 2678 ex
433 2615 551 2678 eodem
573 2614 717 2677 thesauro
737 2616 899 2679 acc‘ellere:
925 2618 1056 2678 tertium
1071 2617 1239 2682 Zeladiana
1255 2616 1302 2678 Bi·

285 2715 595 2781 bliothecalluffecit.
648 2718 835 2789 Lectiones,
873 2739 948 2801 quas
971 2721 1004 2778 in
1025 2699 1064 2779 iis
1082 2719 1301 2801 deprehendit,

286 2818 375 2884 scitae
398 2821 569 2901 doctaeque
590 2820 677 2881 idem
697 2833 790 2882 vocat
809 2821 843 2882 in
862 2819 1054 2892 doctrinm,
1083 2820 1302 2905 eleganterque

286 2922 397 3006 scripta
419 2920 552 2984 Praefat.
576 2941 608 3005 p.
631 2923 673 2984 X.
693 2936 731 2983 ut
743 2924 822 2984 adeo
836 2924 1052 3005 maximopere
1066 2922 1247 2985 dolendum
1259 2923 1300 2986 fit.

283 3027 463 3089 lectionum
485 3024 724 3108 exquifitiorum
743 3025 887 3088 iilvulam
907 3026 943 3086 in
967 3026 1049 3087 calce
1068 3024 1235 3114 librituon
1256 3023 1302 3086 ad·

283 3130 400 3193 iectaru
414 3123 515 3190 inille.
589 3181 591 3190 .

527 3321 704 3386 CODD.
740 3322 1062 3389 OBERLINI.

327 3479 330 3486 ⁴
361 3448 621 3534 QuatuorCodd.
636 3448 727 3512 MSS.
744 3448 1058 3533 Argentoratensrbuu
1068 3447 1142 3521 ulus
1155 3447 1199 3511 est
1206 3448 1303 3512 Ober-

284 3551 381 3622 tinne,
403 3553 454 3613 vir
468 3551 674 3613 humanitatis
686 3552 801 3633 pariter
812 3566 905 3634 atque
919 3550 1128 3634 exquilitioris
1142 3553 1302 3613 doctrinae

281 3652 377 3716 laude
390 3649 643 3724 florentiffimuc,
670 3673 689 3714 e
703 3654 819 3734 quibus
833 3656 867 3714 in
881 3652 972 3714 ulum
987 3656 1109 3718 critices
1129 3655 1304 3714 extantiora

283 3755 320 3814 in
330 3755 415 3816 calce
429 3750 694 3838 splendidiffimao
707 3736 777 3817 suae
801 3757 954 3819 editionis
974 3757 1149 3819 adiicienda
1170 3755 1302 3820 curavit

150 3891 152 3895 ·
284 3842 334 3919 liu
349 3875 428 3918 vero
443 3853 666 3919 accuratiffime
681 3876 737 3918 eoo
749 3855 911 3919 describit:

365 3957 446 4020 Coa.
464 3960 503 4021 A.
530 3959 663 4019 Formae
680 3973 806 4040 quartae
820 3959 942 4034 saeculo
956 3961 995 4023 X.
1012 3960 1199 4024 tribuendus
1215 3959 1302 4021 vide·

286 4071 339 4121 tur
346 4102 357 4134 ,
387 4060 475 4143 quod
497 4057 693 4142 frequentior
713 4062 1006 4147 diphthongomm,
1039 4061 1183 4146 separatio
1203 4060 1299 4123 literis

324 4189 327 4196 ·
1180 4161 1296 4246 scripta·
