2642 4850
212 299 218 310 ’
295 340 785 413 commutatust.-
853 336 858 349 “
989 316 1049 411 xatv'

35 530 194 596 Horatium
225 533 324 614 (quae
353 530 420 592 eiua
450 508 782 596 animadcetfionibua¹
804 530 844 597 ad
881 532 1049 620 scriptores

33 636 177 717 quoidam
197 634 359 717 Graecoa,
393 633 545 715 Franequ
575 647 682 712 1715.
707 648 741 714 8.
769 634 928 705 subiectae,
950 638 1051 723 sunt)

31 737 189 799 nonnullae
215 737 306 798 illius
327 735 399 796 lect.
420 749 662 800 commemorat.
720 738 903 803 Pleniorem
917 744 985 805 eiua
1000 743 1048 806 la.

32 839 166 900 trionum
180 833 353 899 recensum
369 837 563 918 accepitlani
575 836 613 898 ab
625 837 800 911 Herbellio,
822 842 878 923 qui
890 862 917 904 a.
937 859 1045 919 1770,

32 940 339 1021 utm‘Franequerae
359 936 548 1010 versaretur,
582 940 728 1002 codicem
752 940 845 1003 ilium
872 962 946 1004 cum
966 945 1048 1008 Cru-

32 1043 127 1121 quiani
147 1041 282 1102 Horatii
304 1040 445 1102 editione
471 1041 549 1101 anni
574 1052 669 1121 1595
698 1041 793 1107 docte
815 1025 1047 1129 diligenterque

34 1143 168 1205 contulit.
196 1142 256 1206 Est
270 1142 371 1204 codex
387 1140 655 1215 membranaceus,
681 1140 792 1215 forma,
817 1162 900 1227 quae
917 1139 1047 1237 infolio

34 1259 168 1315 vocatur,
192 1244 356 1329 oblonga3
380 1242 537 1326 habetque
553 1242 746 1308 scholiorum
758 1246 955 1310 ineditorum
975 1249 1048 1312 iuli·

34 1366 118 1431 gnem
130 1347 277 1428 copiam.
328 1344 400 1409 vid.
416 1345 661 1411 et‘Gutberleth.
677 1349 717 1411 de
734 1349 838 1421 Saliis,
859 1370 895 1433 p:
909 1367 943 1431 9.

98 1478 213 1544 Codex
229 1475 510 1571 Helmstadienstr,
534 1478 654 1543 formae
669 1483 842 1554 maximae,
867 1482 1047 1548 chartaceus

33 1593 60 1644 tt
69 1582 247 1667 levigatus,
272 1580 387 1642 litteris
397 1579 580 1644 minusculis
598 1580 668 1644 latia
686 1584 882 1669 elegantibus
904 1582 1046 1667 scriptur.

32 1684 145 1747 Votum
159 1682 358 1766 compendia
373 1702 488 1765 paueat
510 1680 631 1767 iamper
643 1681 709 1747 fere
717 1677 749 1778 s
761 1687 896 1772 longum
909 1701 942 1749 et
957 1708 1044 1771 upro

33 1805 74 1858 nt
88 1785 261 1868 scripturae
282 1802 401 1847 errores
424 1785 539 1857 crebri,
569 1788 716 1869 inprimis
733 1789 766 1849 iu
785 1789 908 1859 verbis,
934 1809 1046 1871 quaec

36 1886 148 1951 Graecia
169 1886 258 1949 [unt.
310 1887 449 1948 luitialea
473 1887 629 1951 librorum
648 1890 745 1952 variis
766 1891 925 1952 coloribus
945 1892 1047 1973 pictae

35 2002 63 2050 et
80 1992 264 2061 deauratae;
293 1987 328 2048 in
349 1987 547 2074 singulorum
572 1991 750 2055 canninum
769 1991 870 2053 initiia
891 1988 1047 2054 alternant

38 2090 134 2155 rubrae
148 2106 183 2153 et
196 2089 370 2154 caeruleae.
423 2092 541 2174 Incipit
555 2091 614 2155 Ata
626 2093 765 2174 poetica,
792 2090 963 2174 sequuntur
975 2095 1048 2156 Ser·

37 2213 151 2266 monet,
184 2190 363 2275 Epistulae,
404 2192 542 2276 denique
562 2195 713 2256 carmina.
762 2193 921 2257 Librarius
943 2192 972 2257 le
995 2216 1048 2278 ap·

34 2295 276 2375 pellatMariam
287 2294 488 2357 Ieront'mum.
512 2293 643 2358 Saeculo
660 2296 733 2358 XIV
747 2309 883 2358 exeunte
896 2294 1048 2378 scriptum

38 2395 87 2459 elle
97 2390 257 2466 codicern‘,
280 2396 388 2458 omnia
402 2393 542 2479 suspicari
557 2390 681 2462 iubent.
732 2399 795 2462 Sed
809 2397 1046 2484 diligentissime

38 2511 131 2562 umen
146 2501 186 2561 ad
200 2498 418 2580 antiquiorum
431 2498 603 2571 librorum,
631 2499 728 2562 nobie
742 2520 828 2562 nunc
847 2502 1047 2590 ignotomnn
1075 2567 1080 2580 ,

37 2601 121 2662 fidem
133 2602 326 2664 emendatae
339 2598 399 2663 ello
411 2600 549 2664 videtur.
578 2601 684 2664 Habet
696 2616 780 2664 certe
795 2603 880 2666 lectt.
895 2604 1048 2686 quandam

40 2703 205 2787 iugularat,
233 2701 511 2775 etmemorabilea,
536 2693 1046 2782 utl.ta.55:26.1oetatt

42 2813 160 2883 57.'28.
214 2803 343 2868 Scholia
365 2806 460 2867 etiam
474 2824 543 2868 non
555 2824 653 2887 pauca
673 2803 834 2888 adscripta.
891 2805 993 2868 ruffe
1014 2821 1048 2868 et

41 2902 85 2966 hic
95 2921 126 2969 et
139 2906 240 2970 ceteri
253 2906 326 2968 libri
341 2905 410 2970 mli.
426 2905 638 2970 bibliothecae
654 2907 907 2970 Helmstadienlia
922 2908 1048 2969 tradnn·

42 3018 85 3066 tur
96 3008 173 3070 olim
189 3010 228 3071 in
242 3008 424 3093 Hungariae
437 3010 521 3095 regia
537 3009 674 3074 Corvini
689 3008 844 3072 thesauro.
884 3009 1049 3075 Lectionia

43 3109 215 3173 varietatem
227 3128 305 3174 eum
317 3128 356 3173 eo
371 3112 621 3173 communicavit
633 3110 803 3186 Henkiua,
827 3109 867 3175 V.
879 3111 913 3175 8.
930 3111 973 3176 Il.

278 3251 489 3315 CODEX
522 3254 797 3317 BARTHII.

102 3377 347 3442 Commemorat
371 3377 428 3442 Vir
453 3377 662 3451 docuffimun
708 3378 838 3442 Adverl.
860 3377 987 3442 XXXV.
1017 3395 1048 3439 ε.

45 3475 191 3553 codicem.
224 3493 263 3541 ut
274 3482 334 3553 ait,
367 3482 565 3548 venerandae
584 3480 754 3552 vetustatis,
780 3480 928 3544 DCC'CC
950 3497 1048 3543 anno·

44 3563 256 3665 mm„'atqtie
277 3592 323 3643 ‘cx
347 3577 391 3643 eo'
414 3580 538 3665 profert
566 3584 738 3666 quaedam;
780 3582 833 3646 sed
855 3601 959 3663 neque
982 3601 1048 3642 am·

46 3678 115 3759 plica
138 3684 229 3745 illum
259 3681 420 3756 describit,
467 3702 528 3746 nec
553 3685 667 3748 urbem
697 3685 842 3767 quidem,
878 3684 935 3744 ubi
970 3703 1046 3745 eum

45 3780 149 3845 viderit
157 3828 174 3866 „
199 3786 358 3848 nominat.
416 3785 528 3850 Facilia
545 3789 686 3849 nimium
705 3800 771 3849 erat
794 3785 908 3868 Barth..
920 3787 955 3847 in
974 3805 1050 3847 con·

48 3878 185 3972 diluenda
204 3887 352 3949 codicum
374 3900 485 3953 aetate.
518 3890 586 3953 vid.
608 3890 658 3952 lll.
681 3889 788 3970 Heyn.
812 3887 936 3951 elench.
952 3880 1049 3962 codd.

48 3978 122 4072 virg
133 3987 230 4053 Toni.
238 3988 273 4056 ·1.
290 4008 322 4070 p·
338 3989 470 4055 lillllll.

868 4171 870 4178 '
916 4133 1052 4237 connj
