2642 4850
96 294 150 307 ,„
257 274 302 325 av
519 202 1007 331 enarrarre

50 388 83 415 ⁹
169 418 174 421 ’
230 420 431 544 'paean
453 439 570 519 aare
602 439 675 519 aba
705 441 945 541 cordatiores
974 439 1290 545 persuadebam

164 558 170 569 .
257 593 287 677 fl
307 622 374 675 me
396 622 482 675 non
499 598 737 697 translaticie
762 620 931 676 munere
956 599 1188 701 interpretis
1218 584 1291 676 de-

182 830 186 843 „
253 745 491 829 functurum
516 753 635 843 olim,
665 778 816 855 quum,
844 777 942 852 quas
964 769 1093 856 panas
1112 755 1225 833 mihi
1245 755 1292 831 in

95 912 98 921 ‘
136 926 139 941 ·
255 904 436 983 curando
458 906 539 987 hoc
562 909 727 1009 negotio
754 906 923 1009 agendas
946 909 1199 1012 tuendasque
1219 908 1293 986 de-

253 1055 464 1154 stinaffem,
490 1038 706 1166 specimine
722 1027 859 1165 aliquo
883 1063 1070 1165 evulgato
1086 1067 1293 1166 explicare

254 1184 476 1308 anniterer,
532 1219 695 1321 publico
745 1213 963 1322 professum
1010 1221 1290 1295 meminerint

253 1375 382 1477 Quam
399 1369 695 1474 professionem,
723 1396 817 1453 cum
832 1372 975 1469 iustam
992 1398 1159 1477 operae,
1200 1380 1292 1452 Ho-

252 1524 377 1618 ratio,
413 1520 638 1617 doctiffimo
649 1546 809 1632 poetae,
843 1554 952 1605 ame
975 1528 1290 1631 impendendae,

253 1680 560 1785 descriptionem
574 1701 800 1788 expromat,
838 1684 906 1761 hio
926 1683 1202 1788 reponendam
1225 1687 1293 1762 iu·

252 1838 404 1932 dicavi,
440 1866 523 1941 quo
544 1842 791 1923 luculentius
819 1839 916 1918 inde
944 1839 1063 1918 simul
1085 1857 1288 1942 appareat,

123 1988 133 1999 ’
251 2012 403 2098 quanto
421 1993 556 2077 studio
571 2000 610 2073 ei
622 2022 667 2072 re
683 1992 901 2101 ipsafidem
918 1995 1119 2077 adstruere
1134 1995 1289 2075 allabo-

252 2154 436 2244 raverim.

222 2398 251 2450 ι
335 2308 464 2409 Igitur
488 2284 731 2409 quamquam
749 2307 815 2409 pis,
850 2307 923 2408 qui
943 2321 1083 2409 poetae
1108 2308 1284 2387 alicuius

251 2464 431 2542 verbane
445 2461 603 2540 sensum
620 2463 831 2541 commode
852 2479 971 2565 atque
988 2462 1193 2567 perspicue
1215 2490 1285 2542 ex·

250 2620 390 2723 plicat,
432 2621 532 2698 boni
561 2619 730 2698 omnino
754 2605 982 2721 interpretii
1010 2636 1139 2722 partes
1163 2617 1283 2697 susti·

249 2772 378 2856 nuisse
396 2772 529 2852 videri
552 2774 692 2866 debet3
734 2774 781 2872 in
806 2776 972 2852 Horatio
995 2791 1129 2854 tamen
1152 2779 1283 2853 maio·

249 2957 333 3011 rem
358 2956 563 3033 eampum,
597 2932 642 3010 in
661 2889 745 3032 quo
767 2925 848 3005 sese
865 2946 1061 3022 exerceat,
1098 2947 1285 3034 apertum

251 3065 324 3166 fibi
340 3084 560 3163 existimare
576 3085 706 3176 debet,
732 3107 944 3188 quumque
962 3088 1150 3164 Horatius
1169 3090 1205 3165 is
1222 3088 1283 3180 sit,

248 3270 321 3349 per
339 3255 472 3344 'quem
495 3244 700 3319 Romanae
727 3236 891 3344 poeseos
910 3238 1088 3317 maiestas
1117 3215 1281 3342 steterit,

105 3441 109 3448 .
250 3403 324 3503 qui
344 3401 524 3500 linguam
542 3394 675 3486 snam,
715 3395 857 3484 Ennii,
887 3396 1283 3474 Lucretiialiorum·

250 3581 329 3661 qne
354 3553 561 3634 conatibus
584 3527 742 3627 tantum
765 3517 1014 3640 exasciatam,
1070 3547 1280 3628 felicissimi

248 3712 405 3815 ingenii
420 3711 518 3787 lima
538 3704 821 3809 perpoliverit,
860 3697 1028 3805 eanr'que
1042 3704 1093 3782 ad
1109 3709 1279 3783 Graecae

247 3866 412 3973 poeseos
455 3865 623 3968 genium
658 3858 901 3939 inflectendo
939 3857 1280 3963 informandoque

1156 4017 1281 4098 novis
1317 4033 1318 4040 ’
