<?xml version="1.0" encoding="UTF-8"?>
<!DOCTYPE html PUBLIC "-//W3C//DTD XHTML 1.0 Transitional//EN"
    "http://www.w3.org/TR/xhtml1/DTD/xhtml1-transitional.dtd">
<html xmlns="http://www.w3.org/1999/xhtml" xml:lang="en" lang="en">
 <head>
  <title>
</title>
<meta http-equiv="Content-Type" content="text/html;charset=utf-8" />
  <meta name='ocr-system' content='tesseract 3.04.00' />
  <meta name='ocr-capabilities' content='ocr_page ocr_carea ocr_par ocr_line ocrx_word'/>
</head>
<body>
  <div class='ocr_page' id='page_1' title='image "./qhoratiiflaccio01mitsgoog/qhoratiiflaccio01mitsgoog_0114.png"; bbox 0 0 2642 4850; ppageno 0'>
   <div class='ocr_carea' id='block_1_1' title="bbox 268 345 968 428">
    <p class='ocr_par' dir='ltr' id='par_1_1' title="bbox 268 345 968 428">
     <span class='ocr_line' id='line_1_1' title="bbox 268 345 968 428; baseline 0.001 -30"><span class='ocrx_word' id='word_1_1' title='bbox 268 349 351 428; x_wconf 61' lang='lat' dir='ltr'><strong>xm</strong></span> <span class='ocrx_word' id='word_1_2' title='bbox 424 345 427 354; x_wconf 89' lang='grc'><strong>’</strong></span> <span class='ocrx_word' id='word_1_3' title='bbox 599 349 664 400; x_wconf 81' lang='lat' dir='ltr'><strong>DE</strong></span> <span class='ocrx_word' id='word_1_4' title='bbox 706 349 968 400; x_wconf 71' lang='lat' dir='ltr'><strong>nouam!</strong></span> 
     </span>
    </p>
   </div>
   <div class='ocr_carea' id='block_1_2' title="bbox 376 477 1243 600">
    <p class='ocr_par' dir='ltr' id='par_1_2' title="bbox 376 477 1243 600">
     <span class='ocr_line' id='line_1_2' title="bbox 1010 477 1015 492; baseline 0 0"><span class='ocrx_word' id='word_1_5' title='bbox 1010 477 1015 492; x_wconf 61' lang='lat' dir='ltr'>fl</span> 
     </span>
     <span class='ocr_line' id='line_1_3' title="bbox 376 511 1243 566; baseline -0.007 -28"><span class='ocrx_word' id='word_1_6' title='bbox 376 511 1243 566; x_wconf 44' lang='lat' dir='ltr'><strong>nouo-mm·</strong></span> 
     </span>
     <span class='ocr_line' id='line_1_4' title="bbox 385 593 389 600; baseline 0 0"><span class='ocrx_word' id='word_1_7' title='bbox 385 593 389 600; x_wconf 83' lang='grc'>,</span> 
     </span>
    </p>
   </div>
   <div class='ocr_carea' id='block_1_3' title="bbox 644 925 812 1030">
    <p class='ocr_par' dir='ltr' id='par_1_3' title="bbox 644 925 812 1030">
     <span class='ocr_line' id='line_1_5' title="bbox 644 925 812 1030; baseline 0 -22"><span class='ocrx_word' id='word_1_8' title='bbox 644 925 812 1030; x_wconf 39' lang='lat' dir='ltr'><strong>joa</strong></span> 
     </span>
    </p>
   </div>
   <div class='ocr_carea' id='block_1_4' title="bbox 193 1043 1269 1230">
    <p class='ocr_par' dir='ltr' id='par_1_4' title="bbox 193 1043 1269 1230">
     <span class='ocr_line' id='line_1_6' title="bbox 193 1043 1269 1230; baseline -0.002 -28"><span class='ocrx_word' id='word_1_9' title='bbox 193 1047 195 1052; x_wconf 31' lang='lat'><strong><em>‘</em></strong></span> <span class='ocrx_word' id='word_1_10' title='bbox 276 1115 639 1230; x_wconf 71' lang='lat' dir='ltr'><strong>nonnata</strong></span> <span class='ocrx_word' id='word_1_11' title='bbox 704 1043 1269 1213; x_wconf 65' lang='lat' dir='ltr'><strong>curatorumve.</strong></span> 
     </span>
    </p>
   </div>
   <div class='ocr_carea' id='block_1_5' title="bbox 158 1492 1311 4254">
    <p class='ocr_par' dir='ltr' id='par_1_5' title="bbox 158 1492 1311 4254">
     <span class='ocr_line' id='line_1_7' title="bbox 164 1492 1311 1641; baseline 0 -50"><span class='ocrx_word' id='word_1_12' title='bbox 164 1539 166 1550; x_wconf 89' lang='lat'>&#39;</span> <span class='ocrx_word' id='word_1_13' title='bbox 263 1492 400 1641; x_wconf 75' lang='lat' dir='ltr'><strong>Quum</strong></span> <span class='ocrx_word' id='word_1_14' title='bbox 416 1527 657 1612; x_wconf 80' lang='lat' dir='ltr'><strong>praestantiores</strong></span> <span class='ocrx_word' id='word_1_15' title='bbox 681 1523 746 1590; x_wconf 82' lang='lat' dir='ltr'><strong>fere</strong></span> <span class='ocrx_word' id='word_1_16' title='bbox 769 1526 933 1612; x_wconf 85' lang='lat' dir='ltr'><strong>scriptores</strong></span> <span class='ocrx_word' id='word_1_17' title='bbox 959 1541 1099 1603; x_wconf 80' lang='lat' dir='ltr'><strong>veteres,</strong></span> <span class='ocrx_word' id='word_1_18' title='bbox 1141 1532 1185 1595; x_wconf 75' lang='lat' dir='ltr'><strong>acl</strong></span> <span class='ocrx_word' id='word_1_19' title='bbox 1206 1553 1280 1617; x_wconf 78' lang='lat' dir='ltr'><strong>quor</strong></span> <span class='ocrx_word' id='word_1_20' title='bbox 1310 1607 1311 1610; x_wconf 8' lang='grc' dir='ltr'><strong>Ἴ</strong></span> 
     </span>
     <span class='ocr_line' id='line_1_8' title="bbox 261 1629 1279 1710; baseline 0.003 -15"><span class='ocrx_word' id='word_1_21' title='bbox 261 1634 458 1696; x_wconf 87' lang='lat' dir='ltr'><strong>illustrandos</strong></span> <span class='ocrx_word' id='word_1_22' title='bbox 470 1629 749 1710; x_wconf 78' lang='lat' dir='ltr'><strong>emendandosque</strong></span> <span class='ocrx_word' id='word_1_23' title='bbox 759 1632 825 1694; x_wconf 90' lang='lat' dir='ltr'><strong>Viri</strong></span> <span class='ocrx_word' id='word_1_24' title='bbox 840 1630 1056 1693; x_wconf 83' lang='lat' dir='ltr'><strong>doctiiotleab</strong></span> <span class='ocrx_word' id='word_1_25' title='bbox 1073 1634 1211 1697; x_wconf 83' lang='lat' dir='ltr'><strong>inventa</strong></span> <span class='ocrx_word' id='word_1_26' title='bbox 1221 1650 1279 1698; x_wconf 86' lang='lat' dir='ltr'><strong>arte</strong></span> 
     </span>
     <span class='ocr_line' id='line_1_9' title="bbox 260 1730 1280 1820; baseline 0.007 -27"><span class='ocrx_word' id='word_1_27' title='bbox 260 1733 487 1817; x_wconf 79' lang='lat' dir='ltr'><strong>typographica</strong></span> <span class='ocrx_word' id='word_1_28' title='bbox 500 1733 644 1792; x_wconf 76' lang='lat' dir='ltr'><strong>certatim</strong></span> <span class='ocrx_word' id='word_1_29' title='bbox 660 1730 758 1791; x_wconf 85' lang='lat' dir='ltr'><strong>studia</strong></span> <span class='ocrx_word' id='word_1_30' title='bbox 774 1730 827 1793; x_wconf 86' lang='lat' dir='ltr'><strong>sua</strong></span> <span class='ocrx_word' id='word_1_31' title='bbox 847 1732 1027 1804; x_wconf 79' lang='lat' dir='ltr'><strong>contulere,</strong></span> <span class='ocrx_word' id='word_1_32' title='bbox 1058 1734 1193 1820; x_wconf 79' lang='lat' dir='ltr'><strong>lingulis</strong></span> <span class='ocrx_word' id='word_1_33' title='bbox 1216 1757 1280 1820; x_wconf 87' lang='lat' dir='ltr'><strong>pro-</strong></span> 
     </span>
     <span class='ocr_line' id='line_1_10' title="bbox 260 1832 1311 1922; baseline 0.003 -24"><span class='ocrx_word' id='word_1_34' title='bbox 260 1837 438 1922; x_wconf 86' lang='lat' dir='ltr'><strong>pemodum</strong></span> <span class='ocrx_word' id='word_1_35' title='bbox 453 1833 544 1895; x_wconf 82' lang='lat' dir='ltr'><strong>annis</strong></span> <span class='ocrx_word' id='word_1_36' title='bbox 556 1832 768 1918; x_wconf 34' lang='lat' dir='ltr'><strong>plura&#39;praela</strong></span> <span class='ocrx_word' id='word_1_37' title='bbox 787 1834 1002 1904; x_wconf 84' lang='lat' dir='ltr'><strong>exercuerint,</strong></span> <span class='ocrx_word' id='word_1_38' title='bbox 1034 1837 1102 1898; x_wconf 85' lang='lat' dir='ltr'><strong>fieri</strong></span> <span class='ocrx_word' id='word_1_39' title='bbox 1116 1841 1175 1898; x_wconf 83' lang='lat' dir='ltr'><strong>vix</strong></span> <span class='ocrx_word' id='word_1_40' title='bbox 1198 1839 1279 1920; x_wconf 79' lang='lat' dir='ltr'><strong>polis</strong></span> <span class='ocrx_word' id='word_1_41' title='bbox 1310 1867 1311 1916; x_wconf 49' lang='lat' dir='ltr'><strong>q</strong></span> 
     </span>
     <span class='ocr_line' id='line_1_11' title="bbox 260 1930 1279 2025; baseline 0 -22"><span class='ocrx_word' id='word_1_42' title='bbox 260 1939 420 2009; x_wconf 82' lang='lat' dir='ltr'><strong>existimo,</strong></span> <span class='ocrx_word' id='word_1_43' title='bbox 444 1950 482 1996; x_wconf 89' lang='lat' dir='ltr'><strong>ut</strong></span> <span class='ocrx_word' id='word_1_44' title='bbox 494 1935 641 1997; x_wconf 82' lang='lat' dir='ltr'><strong>lectionis</strong></span> <span class='ocrx_word' id='word_1_45' title='bbox 656 1930 710 1994; x_wconf 84' lang='lat' dir='ltr'><strong>seu</strong></span> <span class='ocrx_word' id='word_1_46' title='bbox 724 1945 845 2005; x_wconf 83' lang='lat' dir='ltr'><strong>textus,</strong></span> <span class='ocrx_word' id='word_1_47' title='bbox 869 1955 966 2017; x_wconf 87' lang='lat' dir='ltr'><strong>quem</strong></span> <span class='ocrx_word' id='word_1_48' title='bbox 977 1949 1110 2006; x_wconf 82' lang='lat' dir='ltr'><strong>vocant,</strong></span> <span class='ocrx_word' id='word_1_49' title='bbox 1142 1940 1279 2025; x_wconf 74' lang='lat' dir='ltr'><strong>origines</strong></span> 
     </span>
     <span class='ocr_line' id='line_1_12' title="bbox 260 2035 1311 2121; baseline 0.001 -19"><span class='ocrx_word' id='word_1_50' title='bbox 260 2039 409 2102; x_wconf 86' lang='lat' dir='ltr'><strong>acfontes</strong></span> <span class='ocrx_word' id='word_1_51' title='bbox 420 2037 513 2121; x_wconf 90' lang='lat' dir='ltr'><strong>plane</strong></span> <span class='ocrx_word' id='word_1_52' title='bbox 530 2035 738 2120; x_wconf 79' lang='lat' dir='ltr'><strong>indagentur,</strong></span> <span class='ocrx_word' id='word_1_53' title='bbox 760 2035 881 2097; x_wconf 86' lang='lat' dir='ltr'><strong>nedum</strong></span> <span class='ocrx_word' id='word_1_54' title='bbox 893 2036 991 2096; x_wconf 85' lang='lat' dir='ltr'><strong>rivuli</strong></span> <span class='ocrx_word' id='word_1_55' title='bbox 1005 2056 1117 2100; x_wconf 87' lang='lat' dir='ltr'><strong>omnes</strong></span> <span class='ocrx_word' id='word_1_56' title='bbox 1136 2041 1217 2104; x_wconf 90' lang='lat' dir='ltr'><strong>inde</strong></span> <span class='ocrx_word' id='word_1_57' title='bbox 1232 2044 1281 2103; x_wconf 90' lang='lat' dir='ltr'><strong>de·</strong></span> <span class='ocrx_word' id='word_1_58' title='bbox 1310 2051 1311 2094; x_wconf 76' lang='lat' dir='ltr'><strong>t</strong></span> 
     </span>
     <span class='ocr_line' id='line_1_13' title="bbox 258 2136 1311 2219; baseline -0.001 -18"><span class='ocrx_word' id='word_1_59' title='bbox 258 2145 360 2211; x_wconf 75' lang='lat' dir='ltr'><strong>alneti,</strong></span> <span class='ocrx_word' id='word_1_60' title='bbox 388 2139 614 2219; x_wconf 84' lang='lat' dir='ltr'><strong>Maeandrique</strong></span> <span class='ocrx_word' id='word_1_61' title='bbox 635 2136 727 2198; x_wconf 83' lang='lat' dir='ltr'><strong>instar</strong></span> <span class='ocrx_word' id='word_1_62' title='bbox 747 2136 911 2209; x_wconf 91' lang='lat' dir='ltr'><strong>ludentes,</strong></span> <span class='ocrx_word' id='word_1_63' title='bbox 943 2139 1167 2219; x_wconf 80' lang='lat' dir='ltr'><strong>expediantur.</strong></span> <span class='ocrx_word' id='word_1_64' title='bbox 1207 2144 1279 2206; x_wconf 81' lang='lat' dir='ltr'><strong>Fere</strong></span> <span class='ocrx_word' id='word_1_65' title='bbox 1310 2161 1311 2186; x_wconf 68' lang='lat' dir='ltr'><strong>t</strong></span> 
     </span>
     <span class='ocr_line' id='line_1_14' title="bbox 259 2236 1279 2325; baseline 0 -20"><span class='ocrx_word' id='word_1_66' title='bbox 259 2245 348 2306; x_wconf 84' lang='lat' dir='ltr'><strong>enim</strong></span> <span class='ocrx_word' id='word_1_67' title='bbox 363 2243 514 2321; x_wconf 85' lang='lat' dir='ltr'><strong>quiaque,</strong></span> <span class='ocrx_word' id='word_1_68' title='bbox 540 2250 577 2297; x_wconf 88' lang='lat' dir='ltr'><strong>nt</strong></span> <span class='ocrx_word' id='word_1_69' title='bbox 590 2238 665 2299; x_wconf 86' lang='lat' dir='ltr'><strong>alias</strong></span> <span class='ocrx_word' id='word_1_70' title='bbox 680 2236 793 2301; x_wconf 84' lang='lat' dir='ltr'><strong>cauffas</strong></span> <span class='ocrx_word' id='word_1_71' title='bbox 809 2251 945 2309; x_wconf 89' lang='lat' dir='ltr'><strong>taceam,</strong></span> <span class='ocrx_word' id='word_1_72' title='bbox 970 2242 1123 2303; x_wconf 86' lang='lat' dir='ltr'><strong>novando</strong></span> <span class='ocrx_word' id='word_1_73' title='bbox 1140 2244 1279 2325; x_wconf 87' lang='lat' dir='ltr'><strong>interpo-</strong></span> 
     </span>
     <span class='ocr_line' id='line_1_15' title="bbox 259 2337 1279 2425; baseline 0 -20"><span class='ocrx_word' id='word_1_74' title='bbox 259 2346 417 2425; x_wconf 86' lang='lat' dir='ltr'><strong>landoque</strong></span> <span class='ocrx_word' id='word_1_75' title='bbox 432 2341 552 2422; x_wconf 87' lang='lat' dir='ltr'><strong>pedum</strong></span> <span class='ocrx_word' id='word_1_76' title='bbox 567 2337 717 2421; x_wconf 84' lang='lat' dir='ltr'><strong>vestigia,</strong></span> <span class='ocrx_word' id='word_1_77' title='bbox 750 2341 938 2423; x_wconf 81' lang='lat' dir='ltr'><strong>vulpeculae</strong></span> <span class='ocrx_word' id='word_1_78' title='bbox 953 2340 1062 2413; x_wconf 87' lang='lat' dir='ltr'><strong>instar,</strong></span> <span class='ocrx_word' id='word_1_79' title='bbox 1091 2344 1204 2407; x_wconf 89' lang='lat' dir='ltr'><strong>delere</strong></span> <span class='ocrx_word' id='word_1_80' title='bbox 1226 2346 1279 2408; x_wconf 85' lang='lat' dir='ltr'><strong>llu-</strong></span> 
     </span>
     <span class='ocr_line' id='line_1_16' title="bbox 258 2441 1278 2533; baseline -0.001 -24"><span class='ocrx_word' id='word_1_81' title='bbox 258 2449 368 2515; x_wconf 85' lang='lat' dir='ltr'><strong>debat,</strong></span> <span class='ocrx_word' id='word_1_82' title='bbox 393 2462 582 2522; x_wconf 86' lang='lat' dir='ltr'><strong>novumque</strong></span> <span class='ocrx_word' id='word_1_83' title='bbox 594 2441 654 2502; x_wconf 89' lang='lat' dir='ltr'><strong>iter</strong></span> <span class='ocrx_word' id='word_1_84' title='bbox 670 2442 820 2526; x_wconf 86' lang='lat' dir='ltr'><strong>ingrellus</strong></span> <span class='ocrx_word' id='word_1_85' title='bbox 835 2443 939 2505; x_wconf 82' lang='lat' dir='ltr'><strong>videri</strong></span> <span class='ocrx_word' id='word_1_86' title='bbox 951 2444 1107 2526; x_wconf 88' lang='lat' dir='ltr'><strong>cupiebat.</strong></span> <span class='ocrx_word' id='word_1_87' title='bbox 1129 2461 1132 2464; x_wconf 80' lang='grc'>’</span> <span class='ocrx_word' id='word_1_88' title='bbox 1163 2448 1278 2533; x_wconf 87' lang='lat' dir='ltr'><strong>Quam·</strong></span> 
     </span>
     <span class='ocr_line' id='line_1_17' title="bbox 165 2542 1280 2630; baseline 0.008 -28"><span class='ocrx_word' id='word_1_89' title='bbox 165 2580 191 2595; x_wconf 86' lang='lat'><strong>..</strong></span> <span class='ocrx_word' id='word_1_90' title='bbox 257 2564 353 2630; x_wconf 78' lang='lat' dir='ltr'><strong>qnam</strong></span> <span class='ocrx_word' id='word_1_91' title='bbox 374 2546 472 2630; x_wconf 88' lang='lat' dir='ltr'><strong>igitur</strong></span> <span class='ocrx_word' id='word_1_92' title='bbox 493 2544 677 2605; x_wconf 73' lang='lat' dir='ltr'><strong>editionum</strong></span> <span class='ocrx_word' id='word_1_93' title='bbox 702 2542 827 2623; x_wconf 84' lang='lat' dir='ltr'><strong>stirpes,</strong></span> <span class='ocrx_word' id='word_1_94' title='bbox 860 2542 992 2606; x_wconf 81' lang='lat' dir='ltr'><strong>familias</strong></span> <span class='ocrx_word' id='word_1_95' title='bbox 1018 2559 1051 2606; x_wconf 90' lang='lat' dir='ltr'><strong>et</strong></span> <span class='ocrx_word' id='word_1_96' title='bbox 1070 2551 1280 2630; x_wconf 77' lang='lat' dir='ltr'><strong>cognationes</strong></span> 
     </span>
     <span class='ocr_line' id='line_1_18' title="bbox 174 2644 1278 2732; baseline 0.003 -24"><span class='ocrx_word' id='word_1_97' title='bbox 174 2708 178 2714; x_wconf 81' lang='grc'><strong>,</strong></span> <span class='ocrx_word' id='word_1_98' title='bbox 257 2653 413 2712; x_wconf 78' lang='lat' dir='ltr'><strong>deducere</strong></span> <span class='ocrx_word' id='word_1_99' title='bbox 435 2665 469 2705; x_wconf 91' lang='lat' dir='ltr'><strong>ac</strong></span> <span class='ocrx_word' id='word_1_100' title='bbox 492 2645 682 2729; x_wconf 81' lang='lat' dir='ltr'><strong>distinguere</strong></span> <span class='ocrx_word' id='word_1_101' title='bbox 699 2644 924 2707; x_wconf 87' lang='lat' dir='ltr'><strong>difficillimum</strong></span> <span class='ocrx_word' id='word_1_102' title='bbox 945 2647 1000 2719; x_wconf 78' lang='lat' dir='ltr'><strong>stt3</strong></span> <span class='ocrx_word' id='word_1_103' title='bbox 1023 2660 1147 2719; x_wconf 87' lang='lat' dir='ltr'><strong>tamen,</strong></span> <span class='ocrx_word' id='word_1_104' title='bbox 1181 2671 1278 2732; x_wconf 88' lang='lat' dir='ltr'><strong>quum</strong></span> 
     </span>
     <span class='ocr_line' id='line_1_19' title="bbox 256 2742 1278 2831; baseline 0.004 -21"><span class='ocrx_word' id='word_1_105' title='bbox 256 2750 317 2811; x_wconf 82' lang='lat' dir='ltr'><strong>iata</strong></span> <span class='ocrx_word' id='word_1_106' title='bbox 331 2771 365 2810; x_wconf 83' lang='lat' dir='ltr'><strong>ar:</strong></span> <span class='ocrx_word' id='word_1_107' title='bbox 382 2742 607 2809; x_wconf 82' lang='lat' dir='ltr'><strong>vicisftturlinec</strong></span> <span class='ocrx_word' id='word_1_108' title='bbox 621 2758 807 2817; x_wconf 73' lang='lat' dir='ltr'><strong>contextus,</strong></span> <span class='ocrx_word' id='word_1_109' title='bbox 830 2766 885 2828; x_wconf 88' lang='lat' dir='ltr'><strong>per</strong></span> <span class='ocrx_word' id='word_1_110' title='bbox 901 2761 1024 2808; x_wconf 88' lang='lat' dir='ltr'><strong>tantum</strong></span> <span class='ocrx_word' id='word_1_111' title='bbox 1042 2755 1200 2831; x_wconf 82' lang='lat' dir='ltr'><strong>temporis</strong></span> <span class='ocrx_word' id='word_1_112' title='bbox 1225 2768 1278 2814; x_wconf 88' lang='lat' dir='ltr'><strong>tra·</strong></span> 
     </span>
     <span class='ocr_line' id='line_1_20' title="bbox 256 2844 1277 2937; baseline 0.003 -25"><span class='ocrx_word' id='word_1_113' title='bbox 256 2867 361 2921; x_wconf 81' lang='lat' dir='ltr'><strong>ctum,</strong></span> <span class='ocrx_word' id='word_1_114' title='bbox 394 2850 434 2909; x_wconf 86' lang='lat' dir='ltr'><strong>ad</strong></span> <span class='ocrx_word' id='word_1_115' title='bbox 460 2868 556 2929; x_wconf 89' lang='lat' dir='ltr'><strong>quem</strong></span> <span class='ocrx_word' id='word_1_116' title='bbox 577 2844 642 2908; x_wconf 85' lang='lat' dir='ltr'><strong>fere</strong></span> <span class='ocrx_word' id='word_1_117' title='bbox 665 2847 777 2937; x_wconf 83' lang='lat' dir='ltr'><strong>caligat</strong></span> <span class='ocrx_word' id='word_1_118' title='bbox 801 2846 915 2917; x_wconf 66' lang='lat' dir='ltr'><strong>vitus,</strong></span> <span class='ocrx_word' id='word_1_119' title='bbox 936 2852 1105 2934; x_wconf 75' lang='lat' dir='ltr'><strong>propagati·</strong></span> <span class='ocrx_word' id='word_1_120' title='bbox 1117 2856 1277 2916; x_wconf 89' lang='lat' dir='ltr'><strong>rationem</strong></span> 
     </span>
     <span class='ocr_line' id='line_1_21' title="bbox 199 2944 1310 3032; baseline 0.004 -18"><span class='ocrx_word' id='word_1_121' title='bbox 199 2966 201 2971; x_wconf 83' lang='grc'>’</span> <span class='ocrx_word' id='word_1_122' title='bbox 255 2954 510 3032; x_wconf 79' lang='lat' dir='ltr'><strong>mutationesque</strong></span> <span class='ocrx_word' id='word_1_123' title='bbox 523 2947 607 3011; x_wconf 87' lang='lat' dir='ltr'><strong>nolle</strong></span> <span class='ocrx_word' id='word_1_124' title='bbox 622 2968 775 3030; x_wconf 86' lang='lat' dir='ltr'><strong>perquam</strong></span> <span class='ocrx_word' id='word_1_125' title='bbox 790 2944 982 3024; x_wconf 74' lang='lat' dir='ltr'><strong>iucundum,</strong></span> <span class='ocrx_word' id='word_1_126' title='bbox 1007 2952 1046 3010; x_wconf 89' lang='lat' dir='ltr'><strong>ad</strong></span> <span class='ocrx_word' id='word_1_127' title='bbox 1062 2953 1152 3014; x_wconf 78' lang='lat' dir='ltr'><strong>crisin</strong></span> <span class='ocrx_word' id='word_1_128' title='bbox 1170 2970 1275 3021; x_wconf 86' lang='lat' dir='ltr'><strong>autem</strong></span> <span class='ocrx_word' id='word_1_129' title='bbox 1309 2960 1310 2985; x_wconf 68' lang='lat'>¹</span> 
     </span>
     <span class='ocr_line' id='line_1_22' title="bbox 204 3049 1310 3137; baseline 0.001 -20"><span class='ocrx_word' id='word_1_130' title='bbox 204 3101 207 3105; x_wconf 84' lang='lat'><em>-</em></span> <span class='ocrx_word' id='word_1_131' title='bbox 253 3070 337 3117; x_wconf 86' lang='lat' dir='ltr'><strong>recte</strong></span> <span class='ocrx_word' id='word_1_132' title='bbox 353 3052 577 3114; x_wconf 83' lang='lat' dir='ltr'><strong>instituendam</strong></span> <span class='ocrx_word' id='word_1_133' title='bbox 589 3052 764 3111; x_wconf 85' lang='lat' dir='ltr'><strong>admodum</strong></span> <span class='ocrx_word' id='word_1_134' title='bbox 783 3049 1046 3121; x_wconf 77' lang='lat' dir='ltr'><strong>neceffariurufit,</strong></span> <span class='ocrx_word' id='word_1_135' title='bbox 1072 3060 1275 3119; x_wconf 84' lang='lat' dir='ltr'><strong>committere</strong></span> <span class='ocrx_word' id='word_1_136' title='bbox 1309 3082 1310 3137; x_wconf 26' lang='lat' dir='ltr'><strong>p</strong></span> 
     </span>
     <span class='ocr_line' id='line_1_23' title="bbox 255 3151 1310 3235; baseline 0.003 -18"><span class='ocrx_word' id='word_1_137' title='bbox 255 3157 362 3226; x_wconf 89' lang='lat' dir='ltr'><strong>nolui,</strong></span> <span class='ocrx_word' id='word_1_138' title='bbox 384 3170 421 3215; x_wconf 92' lang='lat' dir='ltr'><strong>ut</strong></span> <span class='ocrx_word' id='word_1_139' title='bbox 437 3168 531 3235; x_wconf 87' lang='lat' dir='ltr'><strong>opera</strong></span> <span class='ocrx_word' id='word_1_140' title='bbox 543 3153 595 3215; x_wconf 86' lang='lat' dir='ltr'><strong>ista</strong></span> <span class='ocrx_word' id='word_1_141' title='bbox 610 3153 644 3212; x_wconf 89' lang='lat' dir='ltr'><strong>in</strong></span> <span class='ocrx_word' id='word_1_142' title='bbox 660 3153 795 3214; x_wconf 89' lang='lat' dir='ltr'><strong>Horatio</strong></span> <span class='ocrx_word' id='word_1_143' title='bbox 809 3151 933 3234; x_wconf 85' lang='lat' dir='ltr'><strong>prorsus</strong></span> <span class='ocrx_word' id='word_1_144' title='bbox 944 3154 1181 3220; x_wconf 86' lang='lat' dir='ltr'><strong>delideraretur.</strong></span> <span class='ocrx_word' id='word_1_145' title='bbox 1215 3160 1274 3220; x_wconf 77' lang='lat' dir='ltr'><strong>Ex·</strong></span> <span class='ocrx_word' id='word_1_146' title='bbox 1309 3168 1310 3207; x_wconf 58' lang='grc' dir='ltr'>ἒ</span> 
     </span>
     <span class='ocr_line' id='line_1_24' title="bbox 199 3250 1310 3353; baseline 0.003 -35"><span class='ocrx_word' id='word_1_147' title='bbox 199 3266 203 3273; x_wconf 82' lang='grc'>’</span> <span class='ocrx_word' id='word_1_148' title='bbox 254 3272 400 3341; x_wconf 77' lang='lat' dir='ltr'><strong>parturus</strong></span> <span class='ocrx_word' id='word_1_149' title='bbox 419 3256 532 3338; x_wconf 88' lang='lat' dir='ltr'><strong>igitur,</strong></span> <span class='ocrx_word' id='word_1_150' title='bbox 566 3250 731 3335; x_wconf 75' lang='lat' dir='ltr'><strong>quousque</strong></span> <span class='ocrx_word' id='word_1_151' title='bbox 752 3255 786 3353; x_wconf 80' lang='lat' dir='ltr'><strong>iu</strong></span> <span class='ocrx_word' id='word_1_152' title='bbox 807 3253 870 3315; x_wconf 90' lang='lat' dir='ltr'><strong>hoc</strong></span> <span class='ocrx_word' id='word_1_153' title='bbox 885 3256 1019 3339; x_wconf 87' lang='lat' dir='ltr'><strong>negotio</strong></span> <span class='ocrx_word' id='word_1_154' title='bbox 1035 3261 1188 3341; x_wconf 80' lang='lat' dir='ltr'><strong>progredi</strong></span> <span class='ocrx_word' id='word_1_155' title='bbox 1204 3261 1274 3321; x_wconf 90' lang='lat' dir='ltr'><strong>lice·</strong></span> <span class='ocrx_word' id='word_1_156' title='bbox 1309 3284 1310 3297; x_wconf 55' lang='lat'>¹</span> 
     </span>
     <span class='ocr_line' id='line_1_25' title="bbox 251 3356 1275 3438; baseline 0.003 -19"><span class='ocrx_word' id='word_1_157' title='bbox 251 3373 317 3426; x_wconf 83' lang='lat' dir='ltr'><strong>ret,</strong></span> <span class='ocrx_word' id='word_1_158' title='bbox 342 3357 495 3437; x_wconf 75' lang='lat' dir='ltr'><strong>simulque</strong></span> <span class='ocrx_word' id='word_1_159' title='bbox 507 3356 666 3438; x_wconf 84' lang='lat' dir='ltr'><strong>pleniores</strong></span> <span class='ocrx_word' id='word_1_160' title='bbox 686 3356 955 3437; x_wconf 72' lang='lat' dir='ltr'><strong>accuratioresque</strong></span> <span class='ocrx_word' id='word_1_161' title='bbox 975 3356 1158 3423; x_wconf 85' lang='lat' dir='ltr'><strong>editionum</strong></span> <span class='ocrx_word' id='word_1_162' title='bbox 1180 3361 1275 3422; x_wconf 76' lang='lat' dir='ltr'><strong>liuius</strong></span> 
     </span>
     <span class='ocr_line' id='line_1_26' title="bbox 251 3452 1273 3549; baseline 0.002 -28"><span class='ocrx_word' id='word_1_163' title='bbox 251 3476 364 3543; x_wconf 83' lang='lat' dir='ltr'><strong>poetae</strong></span> <span class='ocrx_word' id='word_1_164' title='bbox 385 3458 512 3519; x_wconf 83' lang='lat' dir='ltr'><strong>annales</strong></span> <span class='ocrx_word' id='word_1_165' title='bbox 534 3452 736 3517; x_wconf 83' lang='lat' dir='ltr'><strong>confecturus</strong></span> <span class='ocrx_word' id='word_1_166' title='bbox 753 3476 822 3518; x_wconf 92' lang='lat' dir='ltr'><strong>non</strong></span> <span class='ocrx_word' id='word_1_167' title='bbox 844 3469 970 3533; x_wconf 81' lang='lat' dir='ltr'><strong>tantum</strong></span> <span class='ocrx_word' id='word_1_168' title='bbox 992 3457 1066 3521; x_wconf 90' lang='lat' dir='ltr'><strong>edd.</strong></span> <span class='ocrx_word' id='word_1_169' title='bbox 1084 3464 1273 3549; x_wconf 73' lang='lat' dir='ltr'><strong>congeriem</strong></span> 
     </span>
     <span class='ocr_line' id='line_1_27' title="bbox 252 3557 1273 3649; baseline 0.003 -27"><span class='ocrx_word' id='word_1_170' title='bbox 252 3583 270 3622; x_wconf 93' lang='lat' dir='ltr'><strong>a</strong></span> <span class='ocrx_word' id='word_1_171' title='bbox 287 3565 351 3625; x_wconf 84' lang='lat' dir='ltr'><strong>VV.</strong></span> <span class='ocrx_word' id='word_1_172' title='bbox 366 3562 439 3621; x_wconf 77' lang='lat' dir='ltr'><strong>Do.</strong></span> <span class='ocrx_word' id='word_1_173' title='bbox 461 3572 529 3621; x_wconf 86' lang='lat' dir='ltr'><strong>rem</strong></span> <span class='ocrx_word' id='word_1_174' title='bbox 544 3557 714 3618; x_wconf 85' lang='lat' dir='ltr'><strong>literariam</strong></span> <span class='ocrx_word' id='word_1_175' title='bbox 729 3559 919 3641; x_wconf 76' lang='lat' dir='ltr'><strong>augentibus</strong></span> <span class='ocrx_word' id='word_1_176' title='bbox 933 3558 1273 3649; x_wconf 74' lang='lat' dir='ltr'><strong>hucusquearlgeltam,</strong></span> 
     </span>
     <span class='ocr_line' id='line_1_28' title="bbox 193 3657 1272 3745; baseline 0.004 -24"><span class='ocrx_word' id='word_1_177' title='bbox 193 3732 197 3741; x_wconf 76' lang='lat'><strong>,</strong></span> <span class='ocrx_word' id='word_1_178' title='bbox 252 3664 449 3744; x_wconf 84' lang='lat' dir='ltr'><strong>amplasque,</strong></span> <span class='ocrx_word' id='word_1_179' title='bbox 475 3678 551 3740; x_wconf 86' lang='lat' dir='ltr'><strong>quas</strong></span> <span class='ocrx_word' id='word_1_180' title='bbox 564 3657 954 3722; x_wconf 80' lang='lat' dir='ltr'><strong>bibliothecadcademica</strong></span> <span class='ocrx_word' id='word_1_181' title='bbox 967 3659 1114 3745; x_wconf 85' lang='lat' dir='ltr'><strong>Gotting.</strong></span> <span class='ocrx_word' id='word_1_182' title='bbox 1130 3662 1272 3735; x_wconf 80' lang='lat' dir='ltr'><strong>afferrat,</strong></span> 
     </span>
     <span class='ocr_line' id='line_1_29' title="bbox 158 3758 1271 3846; baseline 0.001 -21"><span class='ocrx_word' id='word_1_183' title='bbox 158 3764 161 3775; x_wconf 84' lang='grc'>’</span> <span class='ocrx_word' id='word_1_184' title='bbox 252 3767 358 3846; x_wconf 86' lang='lat' dir='ltr'><strong>copias</strong></span> <span class='ocrx_word' id='word_1_185' title='bbox 372 3760 553 3845; x_wconf 82' lang='lat' dir='ltr'><strong>perlustravi</strong></span> <span class='ocrx_word' id='word_1_186' title='bbox 571 3760 802 3844; x_wconf 85' lang='lat' dir='ltr'><strong>diligenterque</strong></span> <span class='ocrx_word' id='word_1_187' title='bbox 815 3758 947 3831; x_wconf 84' lang='lat' dir='ltr'><strong>excuffi,</strong></span> <span class='ocrx_word' id='word_1_188' title='bbox 976 3758 1143 3824; x_wconf 82' lang='lat' dir='ltr'><strong>sedetiam</strong></span> <span class='ocrx_word' id='word_1_189' title='bbox 1161 3765 1271 3835; x_wconf 88' lang='lat' dir='ltr'><strong>libros,</strong></span> 
     </span>
     <span class='ocr_line' id='line_1_30' title="bbox 252 3863 1271 3944; baseline 0.001 -17"><span class='ocrx_word' id='word_1_190' title='bbox 252 3867 293 3927; x_wconf 86' lang='lat' dir='ltr'><strong>de</strong></span> <span class='ocrx_word' id='word_1_191' title='bbox 328 3866 374 3925; x_wconf 88' lang='lat' dir='ltr'><strong>rei</strong></span> <span class='ocrx_word' id='word_1_192' title='bbox 405 3864 547 3924; x_wconf 84' lang='lat' dir='ltr'><strong>librariae</strong></span> <span class='ocrx_word' id='word_1_193' title='bbox 572 3863 754 3944; x_wconf 81' lang='lat' dir='ltr'><strong>primordiis</strong></span> <span class='ocrx_word' id='word_1_194' title='bbox 779 3876 1011 3944; x_wconf 63' lang='lat' dir='ltr'><strong>exponentes,¹</strong></span> <span class='ocrx_word' id='word_1_195' title='bbox 1031 3884 1066 3926; x_wconf 90' lang='lat' dir='ltr'><strong>ac</strong></span> <span class='ocrx_word' id='word_1_196' title='bbox 1097 3864 1271 3929; x_wconf 85' lang='lat' dir='ltr'><strong>bibliothe-</strong></span> 
     </span>
     <span class='ocr_line' id='line_1_31' title="bbox 251 3965 1269 4047; baseline 0.002 -19"><span class='ocrx_word' id='word_1_197' title='bbox 251 3986 356 4028; x_wconf 82' lang='lat' dir='ltr'><strong>carum</strong></span> <span class='ocrx_word' id='word_1_198' title='bbox 377 3965 585 4047; x_wconf 72' lang='lat' dir='ltr'><strong>iusrgniorum</strong></span> <span class='ocrx_word' id='word_1_199' title='bbox 612 3965 785 4046; x_wconf 77' lang='lat' dir='ltr'><strong>catalogos,</strong></span> <span class='ocrx_word' id='word_1_200' title='bbox 818 3965 975 4046; x_wconf 82' lang='lat' dir='ltr'><strong>aliosque,</strong></span> <span class='ocrx_word' id='word_1_201' title='bbox 1000 3965 1169 4046; x_wconf 86' lang='lat' dir='ltr'><strong>inquibus</strong></span> <span class='ocrx_word' id='word_1_202' title='bbox 1194 3969 1269 4030; x_wconf 87' lang='lat' dir='ltr'><strong>edd.</strong></span> 
     </span>
     <span class='ocr_line' id='line_1_32' title="bbox 251 4066 1268 4147; baseline 0.002 -18"><span class='ocrx_word' id='word_1_203' title='bbox 251 4068 376 4130; x_wconf 84' lang='lat' dir='ltr'><strong>Horatii</strong></span> <span class='ocrx_word' id='word_1_204' title='bbox 403 4067 569 4129; x_wconf 74' lang='lat' dir='ltr'><strong>notitiam,</strong></span> <span class='ocrx_word' id='word_1_205' title='bbox 584 4066 720 4147; x_wconf 86' lang='lat' dir='ltr'><strong>aliquam</strong></span> <span class='ocrx_word' id='word_1_206' title='bbox 759 4084 921 4129; x_wconf 87' lang='lat' dir='ltr'><strong>occurrere</strong></span> <span class='ocrx_word' id='word_1_207' title='bbox 948 4068 1177 4140; x_wconf 86' lang='lat' dir='ltr'><strong>memineram,</strong></span> <span class='ocrx_word' id='word_1_208' title='bbox 1223 4070 1268 4130; x_wconf 91' lang='lat' dir='ltr'><strong>in·</strong></span> 
     </span>
     <span class='ocr_line' id='line_1_33' title="bbox 602 4154 1269 4254; baseline 0.003 -23"><span class='ocrx_word' id='word_1_209' title='bbox 602 4154 604 4159; x_wconf 30' lang='lat'>⁸</span> <span class='ocrx_word' id='word_1_210' title='bbox 1173 4169 1269 4254; x_wconf 78' lang='lat' dir='ltr'><strong>speri,</strong></span> 
     </span>
    </p>
   </div>
   <div class='ocr_carea' id='block_1_6' title="bbox 0 0 1326 4850">
    <p class='ocr_par' dir='ltr' id='par_1_6' title="bbox 0 0 1326 4850">
     <span class='ocr_line' id='line_1_34' title="bbox 0 0 1326 4850; baseline 0 5"><span class='ocrx_word' id='word_1_211' title='bbox 0 0 1326 4850; x_wconf 95' lang='lat' dir='ltr'><strong> </strong></span> 
     </span>
    </p>
   </div>
  </div>
 </body>
</html>
