2642 4850
223 290 325 359 ‘xa
462 246 1017 350 ‘aaaaaaaru

174 540 182 565 Ι
268 450 390 549 n'um,
433 478 512 558 qua
534 456 759 557 argumenti
785 455 966 533 indolem
987 456 1306 531 enuntiationis·

257 640 348 717 .que
366 614 453 691 vim
477 582 595 712 plane
623 610 819 711 graecam,
860 610 960 713 ratio
987 607 1097 686 istud
1135 607 1304 686 abunde

200 755 208 769 ⁸
270 765 510 868 comprobat.
568 769 659 869 Quo
678 765 722 837 in
748 786 890 863 genere
912 762 1133 843 admodum
1148 762 1308 863 ‘proba-

203 996 206 1003 .
270 922 353 1000 bile
376 916 431 994 est
446 900 609 1019 ‘poetam
627 919 683 992 ita
706 914 903 991 versatum
927 914 1021 1007 effe,
1054 934 1119 1007 ut,
1170 944 1309 1018 quum

272 1075 414 1156 assidua
440 1087 650 1172 poetarum
672 1095 922 1170 graecorum,
956 1073 1125 1148 maxime
1149 1072 1310 1172 lyrico·

156 1312 163 1325 ,
272 1255 389 1318 rum,
424 1228 594 1309 lectione
614 1225 716 1299 bene
731 1227 891 1326 penitus
916 1220 993 1300 sese
1017 1228 1063 1301 in
1078 1250 1236 1317 eorum
1255 1223 1309 1303 fa.

171 1368 176 1379 ⁴
266 1383 540 1479 miliaritatem
582 1374 808 1470 dedidisset,
862 1405 1182 1481 graecorumque
1221 1402 1310 1456 ver-

207 1506 210 1513 *
273 1500 395 1614 suum
427 1534 711 1610 tentamiuibus
746 1535 956 1634 ingenium
991 1535 1051 1645 ad?
1076 1561 1146 1613 eos
1189 1534 1310 1636 plane

275 1683 567 1778 conformasset,
614 1690 817 1790 primum,
861 1715 944 1789 quo
980 1689 1109 1767 sermo
1140 1691 1308 1777 latinus,

275 1842 466 1923 horridus
525 1843 657 1919 adhuc
700 1870 743 1930 ac
793 1842 1032 1944 praefractae
1082 1843 1306 1945 asperitatis

278 1996 527 2077 emolliretur
541 1984 1050 2099 rotundiorque'extsteret,
1078 2000 1128 2075 iis
1144 1999 1201 2074 ad
1220 2023 1310 2075 ver-

179 2154 201 2271 '‘
276 2158 377 2237 bum
399 2152 601 2228 vertendis
627 2152 848 2244 insudaret,
889 2170 978 2231 tum
1001 2153 1306 2269 liberiore‘imi·

182 2326 184 2331 '
278 2310 427 2384 tatione
445 2303 630 2407 spiritum
645 2311 783 2381 Graiae
798 2311 991 2385 Camenae
1008 2311 1212 2410 excipere,
1248 2309 1306 2381 in·

279 2428 478 2562 venterque
509 2463 595 2537 eius
633 2460 704 2538 sua
733 2460 860 2538 facere
891 2467 1118 2556 conaretur,
1176 2465 1305 2544 donec

280 2616 440 2694 tandem
456 2615 595 2692 affidua
610 2586 683 2690 hac
699 2583 967 2730 contentionis
982 2618 1185 2720 asperitate
1201 2619 1305 2695 vires

186 2761 190 2768 ⁴
281 2759 471 2876 perfectas
500 2769 808 2873 constitutaeque
841 2790 979 2850 nactus
1008 2777 1121 2875 operi
1149 2770 1225 2853 suo
1255 2774 1306 2846 ita

282 2924 493 3016 sufficeret,
527 2941 592 3016 ut,
621 2953 755 3028 quum
775 2928 826 3004 ad
850 2946 1148 3030 argumentum,
1185 2942 1236 3003 ut
1256 2926 1305 2999 ita

221 3150 224 3156 .
283 3080 435 3169 dicam,
476 3083 707 3159 Romanurn
748 3081 989 3173 deferretur,
1027 3109 1112 3160 non
1154 3098 1243 3157 tam
1286 3102 1305 3150 a

283 3236 441 3309 Graecis
457 3235 595 3312 lumen
610 3234 728 3313 suum
742 3193 973 3329 accendisse,
1000 3237 1136 3348 autab
1152 3237 1212 3313 iis
1224 3250 1304 3334 tan·

201 3475 205 3484 ‚
284 3406 373 3465 tum
398 3385 617 3481 defluxisse,
653 3417 773 3491 quam
794 3419 931 3469 omnes
960 3419 1008 3468 ex
1033 3389 1112 3467 sese
1137 3392 1304 3466 virtutes

287 3539 532 3645 expromsisse
570 3545 786 3623 videretur.
843 3553 974 3662 Hoece
1011 3563 1145 3624 autem
1180 3540 1302 3620 modo

285 3712 424 3816 poetae
438 3696 683 3800 progressum
707 3697 780 3775 esse
799 3698 991 3790 studium,
1026 3699 1303 3802 profectusque

284 3852 378 3942 eius,
388 3851 616 3946 adolevisse,
643 3849 824 3934 dubitare
848 3859 916 3932 vix
941 3857 1052 3948 licet,
1074 3853 1105 3931 fi
1126 3852 1301 3957 ipsorum

734 4096 753 4150 ‚c
1222 4026 1297 4081 0³1·
