2642 4850
110 308 112 315 ’
215 328 218 336 ’
281 324 397 399 ιη’
607 338 1022 398 annornm·
1316 376 1318 477 4

283 536 357 587 anta
370 536 471 586 artem
486 523 665 605 poiticamt
691 523 819 604 Incipit
830 519 911 584 tiber
922 522 1078 604 poeticae.
1103 519 1164 585 Are
1184 502 1318 604 poeta?

282 627 385 689 llatim
402 624 539 721 requimr
554 623 697 707 Epodoe.
749 625 878 690 Scholia
892 626 928 686 in
943 627 1047 707 prima
1061 637 1149 707 parte
1166 622 1302 706 pauciffi·
1317 644 1318 683 I

268 747 351 811 mr,
378 728 413 788 in
430 703 526 790 nitere
540 727 639 808 plara,
664 728 761 789 etiam
775 747 794 789 a
806 729 909 810 prima
922 746 1040 798 maau3
1066 745 1159 809 aqua
1174 738 1212 788 et
1224 727 1318 799 codi-

282 830 328 892 cia
341 828 504 911 inscriptio
519 829 579 891 elt:
608 826 687 925 Ope
701 827 827 911 Oracy:
853 830 928 890 item
939 830 1076 910 poetria.

361 931 388 994 (
383 921 638 1022 odexseaundas
657 931 835 1013 (pulpiti.
859 952 894 993 n.
912 942 970 1010 58.
979 933 1005 1004 )‚
1034 929 1302 1000 membranaceae,

160 1043 169 1051 “
279 1032 365 1113 ina.
380 1031 457 1099 folia
471 1032 590 1095 habene
604 1031 708 1105 CXV3
728 1053 804 1095 nam
815 1029 1088 1115 primamfolium
1102 1031 1304 1113 deperditam

279 1134 341 1205 est,
367 1149 405 1195 ut
418 1152 506 1198 nanc
519 1135 648 1197 codex'
638 1136 803 1216 mcipiata
819 1136 853 1197 ir.
872 1146 918 1215 38
934 1136 1011 1196 oder
1032 1135 1075 1195 ll.
1129 1134 1223 1196 Folia
1244 1150 1304 1193 non

281 1236 416 1321 ligneam
440 1236 596 1320 quaedam
613 1249 685 1298 eta
716 1234 901 1321 bibliopego
923 1248 1110 1318 permutata.
1173 1233 1305 1298 Octauia

216 1364 220 1381 ¹
283 1338 426 1400 constant
437 1337 613 1419 manipuli,
637 1350 762 1420 praeter
774 1339 853 1400 Xlll
869 1351 903 1399 et
916 1340 991 1407 XV.
1022 1339 1079 1419 qai
1091 1335 1216 1398 lrabeat
1229 1334 1303 1396 [ena.

282 1439 350 1502 an
365 1440 547 1522 manipulos
557 1437 654 1500 serior
666 1458 778 1501 manua
791 1440 827 1499 in
841 1439 950 1501 infima
961 1441 1066 1521 prima
1079 1439 1199 1521 pagina
1213 1437 1305 1521 ligna·

282 1540 350 1612 eir,
383 1540 436 1603 1⁹.
459 1540 513 1603 11⁹
532 1553 593 1603 cet.
645 1540 781 1603 libana
801 1560 900 1603 mana
923 1553 1012 1604 totae
1033 1542 1136 1603 codex
1159 1538 1225 1610 est,
1259 1536 1305 1623 [ed

280 1643 498 1726 negligentior
509 1639 598 1724 saepe
614 1639 710 1702 scriba
722 1644 881 1725 proditur.
904 1642 1012 1705 verbie
1027 1654 1083 1703 aut
1096 1642 1234 1724 integris
1244 1659 1306 1701 ven

196 1756 199 1763 ·
278 1742 365 1806 libne
379 1741 517 1813 omiffie.
536 1742 605 1825 post
618 1743 656 1803 ab
671 1744 735 1806 alio
752 1738 914 1827 suppletis.
940 1743 1010 1806 Nec
1023 1743 1146 1804 litterae
1161 1742 1224 1803 fibi
1238 1759 1305 1802 con·

281 1846 378 1915 stant,
393 1862 510 1928 'neque
522 1858 747 1908 atramentum.
803 1848 925 1908 vocam
946 1846 1139 1927 compendia
1158 1834 1303 1926 plarima.

280 1948 490 2033 Diphthangi
509 1948 633 2029 ploret,
668 1968 764 2030 quam
782 1949 817 2009 in
838 1947 951 2010 ceteris
971 1946 1091 2015 tribus.
1128 1947 1304 2030 geminatae

281 2051 406 2121 litterae
419 2051 593 2131 pauciores.
626 2050 719 2132 Quae
734 2034 845 2117 omnia
852 2056 866 2120 ,'
887 2050 1059 2131 coniuncta
1069 2049 1221 2128 inprimis
1237 2063 1304 2107 cum

265 2150 449 2232 'scripturae
462 2150 573 2232 specie,
588 2149 720 2213 suadent
731 2153 876 2214 codicem
890 2152 936 2214 ad.
945 2148 1102 2212 saeculum
1111 2150 1172 2210 XII
1182 2146 1303 2216 referre,

225 2262 228 2273 ’
282 2266 316 2315 et
336 2252 451 2314 babere
471 2271 529 2333 pro
546 2250 762 2332 antiquiffimo
778 2252 986 2332 Lipsiensrum
1001 2264 1147 2333 quatuor.
1191 2252 1304 2311 Lineae

280 2356 317 2417 In
332 2354 452 2439 singula
463 2355 576 2438 pagina
591 2353 703 2415 ductae
718 2354 862 2415 XXXIV.
896 2354 1038 2415 Initialee
1054 2351 1206 2415 verinum
1221 2352 1304 2414 alter·

220 2487 224 2504 ·
253 2466 254 2472 ’
280 2478 325 2520 ne
343 2456 456 2517 rubrae
479 2469 512 2517 et
531 2468 634 2529 atrae;
678 2458 752 2517 illae
773 2458 952 2518 caminum
972 2468 1005 2517 et
1025 2455 1182 2518 librarum
1196 2457 1304 2537 pictae,

280 2558 334 2621 sed
350 2568 416 2619 arte
427 2558 512 2618 radi.
549 2557 646 2619 Nulla
658 2556 816 2620 librorum
830 2551 953 2627 divisio,
980 2557 1062 2618 nulli
1076 2559 1218 2620 numeri.
1245 2555 1305 2619 Pro

165 2730 179 2747 ι
280 2658 542 2742 inscriptionibus
561 2660 740 2723 carminum
751 2657 848 2721 solius
863 2661 960 2719 metri
971 2659 1205 2743 deignationea
1228 2656 1305 2724 sunl,

281 2764 390 2824 minio
410 2761 557 2843 scriptae,
600 2759 652 2823 sed
675 2762 761 2823 lectu
780 2758 938 2832 difficiles,
964 2757 1066 2843 ‘saepe
1090 2762 1188 2822 etiam
1208 2756 1303 2820 rame.

275 2864 410 2929 'Scholia
429 2859 540 2945 paffim
559 2860 687 2932 adsunt,
712 2861 764 2925 led
788 2882 901 2945 pauca,
939 2881 1001 2923 nec
1018 2863 1115 2923 multi
1136 2859 1303 2924 momenti.

282 2966 343 3031 ‘Are
358 2966 483 3049 poetica
497 2963 562 3025 ell
553 2976 637 3024 mter
652 2964 738 3027 odas
751 2977 785 3026 et
800 2965 950 3047 bipedes,
976 2962 1134 3044 Epidolae
1148 2977 1225 3025 ante
1241 2964 1305 3024 Ser·

281 3087 407 3131 mones.
433 3068 457 3129 F
459 3067 521 3128 alra
532 3066 687 3147 quaedam
695 3066 758 3127 ab
749 3067 844 3131 initio
858 3079 893 3129 et
906 3068 941 3128 in
952 3065 1016 3129 fiae
1027 3065 1088 3127 fita
1099 3079 1132 3128 et
1143 3062 1304 3176 vermibus

280 3169 458 3232 admodum
474 3181 620 3250 corrupta
643 3166 725 3230 sant.
787 3165 790 3173 “
1093 3181 1096 3186 ’

361 3269 472 3332 Codex
479 3271 592 3331 tertam
604 3271 771 3351 (palpitl.
788 3290 822 3331 n.
837 3265 924 3351 39.),
938 3267 1233 3354 membranaceae,
1223 3273 1306 3344 mai.

252 3439 253 3443 ,
281 3373 357 3436 Fuit
374 3373 453 3433 olim
468 3369 743 3444 cincinnatum,
769 3370 857 3455 (vid.
872 3372 941 3432 eiua
958 3369 1057 3432 Catal.
1074 3371 1112 3432 P.
1130 3373 1174 3434 ll.
1191 3392 1224 3454 p.
1233 3362 1305 3448 89.)

210 3551 215 3562 ι
283 3494 303 3536 e
318 3476 407 3540 cuiue
421 3472 615 3535 bibliotheca
629 3474 767 3534 redemit
781 3473 831 3536 Fr.
845 3472 968 3534 bened.
988 3471 1188 3555 Carpzoviue
1207 3466 1305 3554 (quod

281 3575 336 3637 hic
352 3574 418 3659 iple
440 3572 590 3656 notavit),
612 3575 700 3637 unde
716 3576 751 3637 in
773 3573 923 3636 biblioth.
939 3570 1035 3635 senat.
1050 3577 1210 3656 pervenit.
1249 3570 1309 3633 Ha·

283 3675 341 3738 bet
360 3677 462 3738 codex
482 3677 632 3738 LXXXII
656 3672 748 3747 folia,
782 3674 915 3758 superne
936 3676 1079 3739 numeria
1105 3696 1134 3744 r,
1148 3692 1182 3747 α,
1201 3690 1234 3756 5,
1247 3683 1304 3734 cet.

282 3779 411 3863 lignata
417 3783 619 3860 (quamquam
639 3779 748 3840 XVIII
763 3777 876 3839 ultima
890 3778 1025 3862 elegiam
1051 3779 1221 3839 continent
1238 3772 1309 3834 scri·

185 3889 188 3894 ’
280 3882 385 3963 proris
399 3881 601 3950 recentioris,
628 3881 680 3940 cui
697 3881 731 3940 in
749 3880 990 3943 Iineadditam:
1015 3877 1165 3958 Explicit
1188 3874 1308 3940 rronia

284 3973 479 4073 Gaufridiss
503 4000 642 4063 quoram
657 3983 784 4043 octonis
796 3980 939 4043 constant
951 3979 1123 4062 manipuli.
1149 4000 1230 4061 qnos
1240 3994 1306 4037 non

283 4081 414 4146 Iolum
403 4099 440 4145 m
459 4086 525 4147 ima
543 4083 660 4170 pagina
681 4083 797 4148 litterIr
819 4104 851 4156 a,
872 4080 903 4158 b
922 4104 940 4144 c
969 4095 1039 4146 cet..
1052 4082 1187 4168 ignavit
1212 4074 1317 4170 P‘i‘l'i.

1189 4176 1306 4244 librarii
