2642 4850
203 366 427 458 euuntuvtt
457 366 494 417 r.
513 364 558 454 rr.
589 364 701 434 cxv.
730 365 770 418 v.
787 348 883 438 ¹·4·
970 351 1055 441 489

337 529 751 570 *ἡ*

37 653 126 785 Iam
156 717 282 792 pauca
308 706 435 768 aratro
464 691 601 792 iugera
625 693 756 793 regiae
859 741 861 745 -

36 829 166 932 Moles
192 828 440 925 relinquent:
470 826 653 926 undique
681 828 800 906 latius

85 967 252 1060 Extenta
275 958 455 1035 visentur
479 962 657 1038 Lucrino

141 1153 146 1172 .
198 1102 340 1197 Stagna
357 1096 470 1171 lacu:
510 1098 774 1198 platanusque
792 1095 944 1175 caelebs

931 1266 1060 1343 Eun:
1077 1279 1087 1302 ¹

68 1512 94 1548 tr.
112 1512 138 1548 r.
149 1490 211 1570 sqq.
233 1491 319 1549 Initio
327 1491 415 1549 statim
432 1488 529 1544 carmi-
559 1490 664 1566 fiquid
677 1491 788 1555 iudico,
806 1491 903 1548 verius
919 1491 953 1547 de
968 1492 1060 1548 aedifi·

31 1578 73 1650 trit
88 1579 211 1652 erumpit
225 1577 367 1633 liberrima
382 1590 477 1653 poetae
485 1575 527 1628 in·
560 1576 609 1631 ciit
631 1577 746 1652 amplis,
777 1576 886 1652 alteque
916 1578 1060 1636 exstructit

32 1661 155 1741 dignatio
179 1682 230 1736 per
254 1664 397 1717 sententiae
418 1661 526 1720 breves,
558 1661 589 1714 in
605 1681 705 1740 genere
719 1662 866 1741 intelligas.
897 1666 939 1716 lta
955 1664 1059 1718 turrin‘t

31 1747 162 1820 nulloque
176 1759 253 1801 nexu
261 1749 392 1822 adpositae
407 1743 525 1822 prodita.
561 1748 795 1800 Maecenatianam
826 1747 921 1801 mosem
949 1752 1060 1820 preput-

31 1832 98 1886 Satis
111 1832 195 1887 habet
211 1831 339 1888 luxuriae
360 1831 437 1886 istius
459 1844 531 1902 tem<
559 1852 639 1904 quam
653 1831 766 1886 nubibus
788 1829 907 1905 appellat
922 1831 1060 1885 Horatius

31 1918 103 1990 poris
118 1918 299 1972 adnumerare
314 1934 421 1996 genera.
450 1916 525 1968 Tum
559 1917 610 1968 ΙΙΙ.
633 1929 684 1989 29.
709 1935 755 1969 ro.
786 1930 815 1968 et
837 1915 925 1969 moliri
952 1914 980 1967 lt.
1001 1913 1059 1968 alte

31 1999 239 2055 stomachantem
267 2019 378 2077 poetam
408 1998 525 2053 mirifice
559 1998 675 2053 educere
703 2002 801 2053 atrium
820 1998 985 2071 111.1.46.
1024 2012 1059 2053 ut

31 2083 123 2139 decent
136 2105 203 2140 cum
218 2104 296 2141 aucta
310 2089 340 2141 in
355 2085 445 2139 maius
466 2100 525 2138 om·
558 2082 626 2162 elios
642 2099 754 2137 taceam.
800 2080 889 2141 Villae
902 2097 994 2136 eutem
1015 2085 1059 2136 in·

31 2171 86 2230 uia,
108 2187 169 2224 tum
186 2172 262 2242 quod
278 2172 377 2245 pestem
391 2161 468 2224 ildm
489 2166 524 2220 lu·
558 2166 720 2246 telligendat
749 2167 801 2222 esse
827 2167 856 2242 ¹¹3
872 2166 908 2228 l.,
937 2185 1058 2240 quarum

31 2254 82 2308 tiut
97 2254 295 2332 grassaturam,
317 2254 460 2326 totiusque
473 2256 525 2306 lta·
556 2254 704 2306 immensae
718 2251 868 2306 structurae
882 2251 993 2306 urbium
1003 2255 1060 2325 spe·

30 2333 78 2392 liae
104 2339 205 2392 faciem
237 2342 272 2393 fic
300 2338 524 2393 luctuosrffimam
558 2338 627 2392 ciem
650 2335 770 2407 (Sallust.
795 2337 829 2390 de
850 2339 883 2391 B.
907 2337 968 2391 cat.
995 2341 1058 2407 ια.)

30 2421 86 2477 sore
101 2440 178 2478 certo
187 2440 348 2502 auguratur.
380 2428 446 2484 lam,
461 2441 526 2497 pro·
557 2422 710 2484 referrent,
744 2442 814 2495 quae
842 2420 908 2485 adeo
937 2420 1059 2477 sendum

30 2507 136 2563 cedente
167 2512 204 2563 fic
232 2507 345 2563 luxurie
371 2509 431 2562 fieri
467 2526 525 2561 non
559 2509 616 2579 (uti
635 2507 706 2562 Ceto
726 2506 761 2560 de
784 2510 817 2561 R.
836 2510 869 2560 R.
884 2509 934 2560 Ill.
954 2525 979 2558 ι.
1005 2506 1057 2576 ait)

30 2593 125 2667 potest,
147 2593 219 2666 quin
233 2593 313 2648 brevi
329 2595 389 2673 agri
410 2592 527 2646 arationi
560 2606 740 2665 quaererent,
774 2588 853 2645 sacile
882 2590 1057 2664 perspicitur.

30 2677 148 2732 desuntri
165 2681 217 2731 sint
242 2693 357 2752 propter
378 2680 527 2731 immanem
561 2676 631 2731 Plin.
646 2680 720 2751 Epp.
735 2678 771 2729 11.
790 2690 836 2739 17.
854 2674 948 2730 'Litus
963 2690 1060 2729 ornant

30 2758 174 2817 homiuum
191 2763 222 2815 in
244 2763 374 2817 aediliciis
389 2762 527 2816 exstruen·
560 2783 629 2815 aune
645 2764 771 2815 continua
785 2781 853 2814 nunc
863 2758 1007 2847 intermisit
1021 2775 1063 2831 τε(

30 2846 67 2901 dia
89 2848 232 2902 insaniam.
292 2850 346 2902 Pro
369 2847 429 2905 hoc,
446 2845 527 2899 docta
559 2862 603 2900 eta
637 2838 779 2904 villarum,
821 2866 888 2919 quae
920 2841 1059 2918 praestant
1135 2884 1139 2891 -

30 2928 162 2986 brevitate
188 2946 286 3006 poeta:
321 2935 412 3007 regiae
434 2931 525 2990 moles,
559 2930 703 2985 ntultarum
717 2929 821 2982 urbium
829 2927 941 3002 facient.
972 2958 1012 2969 ·—
1028 2942 1074 2983 2.‘

30 3016 147 3070 tedistcia
183 3015 271 3094 regali
310 3013 383 3069 luxu
418 3014 525 3073 educta,
559 3014 688 3068 Alterum
718 3011 802 3066 luxus
840 3024 946 3089 genus,
980 3010 1060 3085 quod

30 3100 180 3162 sumtuosa,
202 3099 343 3175 splendida
364 3103 410 3167 (ut
431 3119 526 3172 regum
559 3097 636 3153 villis
666 3097 831 3151 exornandis
854 3095 990 3174 gulaeque
1017 3097 1060 3149 in·

30 3201 109 3239 turres
128 3189 151 3240 1.
177 3194 206 3258 4.
234 3188 296 3258 14.)
325 3206 412 3259 pauca
433 3183 526 3237 admo·
560 3182 691 3241 serviret,
711 3182 844 3254 piscinae;
866 3200 937 3254 quae
951 3179 998 3236 vel
1017 3170 1083 3233 in}

30 3268 92 3323 dum
109 3275 205 3346 iugera
218 3286 319 3330 aratro,
335 3264 462 3328 arationi,
487 3289 526 3321 re·
558 3266 636 3320 iectit
666 3267 738 3319 mati
764 3264 901 3325 molibus,
942 3267 961 3319 st
988 3263 1059 3319 villa

30 3355 160 3429 linquent,
207 3373 303 3407 omnes
338 3354 396 3408 sere
427 3351 526 3406 ‘ltaliae
557 3349 650 3421 littori
663 3348 905 3425 praetenderetur,
928 3350 975 3416 (de
996 3350 1060 3421 qui·

30 3456 106 3516 agros
134 3437 312 3513 occupabunt
340 3436 525 3513 amplitudine
557 3434 610 3490 bus
624 3455 653 3489 v.
669 3434 703 3486 ad
718 3438 768 3487 111.
788 3455 813 3486 t.
833 3437 897 3507 53.)
919 3433 968 3488 vel
987 3433 1060 3487 mari
1077 3426 1090 3509 'y

30 3524 77 3578 sut.
120 3525 218 3579 Moles
232 3522 289 3576 sere
301 3522 335 3577 de
351 3521 526 3577 substructio·
556 3520 587 3574 in
617 3533 702 3573 terras
729 3534 840 3592 recepto
874 3537 905 3573 ac
931 3517 979 3573 rel
1009 3536 1060 3597 per
1123 3520 1124 3525 ’
1177 3526 1180 3543 ·

30 3607 106 3662 nibus
119 3607 255 3663 villarum
271 3607 426 3681 accipiuntr
448 3604 525 3679 quod
546 3620 668 3673 *montes
685 3602 806 3657 suffossor
821 3602 905 3656 ducto
926 3603 956 3655 in
972 3603 1061 3656 conti·

30 3696 70 3747 etsi
85 3692 223 3766 loquendi
240 3694 303 3746 usur
318 3692 395 3749 serat„
407 3691 457 3760 (ef.
473 3693 524 3745 lll.
557 3689 636 3745 nenti
649 3689 681 3741 in
696 3687 774 3741 hunc
787 3687 870 3741 finem
890 3686 1061 3741 adornaban-

30 3797 53 3830 r.
78 3788 126 3850 34.
171 3777 264 3831 Etiam
295 3778 354 3833 Cic.
381 3795 434 3850 pro
457 3773 522 3830 Mil.
558 3789 621 3834 tur,
643 3786 676 3826 ut
706 3770 908 3845 exquisito'rum
939 3772 1061 3825 marino.

30 3874 72 3930 51.
102 3878 187 3917 vocat
203 3858 430 3937 substructionum
454 3858 524 3935 iasa·
556 3877 621 3912 rum
649 3856 766 3931 piscium
799 3856 903 3929 quovis
934 3870 1061 3929 tempore

30 3966 72 4000 aas
92 3949 176 4002 moles
206 3960 234 4000 et
256 3945 321 4000 inde
350 3949 460 3999 Petron.
489 3943 524 3998 de
557 3946 713 4017 suppeteret
737 3940 833 4014 eopia,
863 3956 943 4019 utque
962 3957 1062 4013 teutpe-

30 4032 99 4085 Mut.
113 4035 149 4086 tt.
166 4034 200 4086 Pu
217 4032 281 4103 91.)
303 4029 464 4103 exquisitiut
486 4043 525 4081 ta·
551 4025 657 4105 siarum
677 4024 724 4095 (ut
745 4029 844 4079 Seneca
863 4045 906 4099 ep.
922 4026 983 4081 XC.
1007 4026 1060 4094 ait)

30 4108 107 4179 men,
133 4131 162 4171 et
183 4113 312 4191 (propter
334 4113 389 4170 adi.
419 4116 524 4190 regiae)
557 4112 678 4189 pericula
699 4130 753 4166 noa
771 4110 860 4166 adiret
872 4110 949 4187 gula.
991 4109 1060 4165 Vid.

599 4193 656 4255 Hlt
677 4206 699 4264 5
948 4193 1056 4255 Tibul.
