2642 4850
324 363 751 440 anrrrrortrnvs.
954 368 1079 434 ant·
1202 343 1208 355 '

50 565 75 610 er
87 558 133 617 tn,
161 545 275 628 inquit.
295 544 352 629 qni
367 563 430 607 nna
442 563 517 608 oum
533 513 654 608 Sabino
673 544 779 608 nostro
799 545 835 607 in
843 531 1054 630 'corrigebdir

48 649 268 734 redigendirque
281 649 338 710 his
348 645 568 709 voluminibuo
584 645 760 729 impensam
776 666 905 730 operam
922 646 1052 709 navasti.

49 748 103 832 ipie
116 747 185 813 re're
200 750 315 812 Helius
329 750 363 809 in
379 751 442 811 line
450 748 599 830 epistolae
611 747 808 831 responiivee
818 751 855 811 arl
870 747 1053 810 Tuscanntn
1110 789 1113 796 »
1165 771 1167 778 ·

23 897 24 906 ,
48 850 196 913 inleribit:
222 851 319 924 „Sed
331 851 394 912 hoc
406 851 489 911 mibi
503 851 672 912 molestum
686 851 738 920 etl.
765 852 852 934 quod
864 853 898 911 in
917 851 968 914 hia
986 851 1052 912 llo·
1161 899 1166 916 .

48 955 103 1014 ratii
118 953 219 1026 libris,
251 955 308 1036 qni
332 966 366 1015 te
384 954 523 1013 maxime
545 953 693 1015 hortante
713 949 854 1035 impreffi
873 951 959 1023 sunt,
985 969 1053 1034 non

50 1075 117 1126 eam,
138 1075 231 1138 quam
246 1055 458 1118 vehomenter
476 1053 645 1135 oprattem,
661 1046 906 1117 'emendationio
920 1053 1054 1136 dilig-effi
1097 1107 1103 1118 ,
1124 1069 1130 1098 1

49 1157 107 1218 tiam
118 1158 265 1220 exhibere
278 1157 389 1240 potui:
413 1169 541 1218 atcerte
555 1170 713 1239 quantum
734 1156 768 1217 in
784 1177 837 1218 me
849 1154 926 1243 fnit.
952 1170 986 1218 et
1000 1175 1052 1216 cu·

52 1278 101 1332 tam
113 1243 241 1324 omnem
252 1273 288 1321 et
303 1259 442 1321 studium
453 1258 605 1324 adhibui:
637 1256 690 1348 sefl
706 1260 840 1321 Actonis
852 1258 1051 1340 exemplaria,

54 1358 150 1433 nicil,
173 1359 323 1433 defuere,
347 1380 451 1422 unum
466 1360 654 1448 habuimtrs‚
686 1379 746 1422 neo
761 1361 795 1420 id
815 1359 885 1421 [atis
903 1358 1052 1426 emenda·

54 1475 119 1536 trn;
146 1477 312 1545 utcunque
330 1475 436 1524 tamen
458 1462 495 1524 stt
515 1476 547 1524 et
566 1462 704 1524 libenter
727 1458 879 1532 ferimur.
905 1474 943 1538 et¹
959 1460 1051 1523 lacie-

53 1584 106 1626 nus
122 1553 159 1628 de
179 1567 344 1651 integro.“
393 1565 485 1626 Duae
504 1564 563 1626 hae
584 1564 731 1646 epistolae
745 1576 903 1646 occupant
915 1577 1051 1645 quatuor

23 1729 24 1738 7
52 1667 133 1745 priora
151 1659 253 1739 folia,⁴
276 1664 331 1729 seu
347 1667 485 1728 exactior
504 1667 634 1750 paginae
658 1666 713 1727 Vl.
738 1679 772 1726 et
792 1666 892 1727 linear
909 1667 963 1728 Vl.
995 1666 1051 1727 Se·

23 1823 24 1836 .
52 1771 140 1847 quenti
150 1771 264 1851 quinto
282 1768 489 1832 continentur
504 1769 584 1829 duae
602 1767 727 1834 Horatii
743 1749 849 1829 Vitae:
882 1769 983 1850 prima
1004 1764 1051 1825 fu·
1096 1757 1102 1764 ’

23 1885 24 1926 ;
52 1868 98 1930 lor
112 1867 283 1934 secundum
304 1870 488 1942 Aaronem,
517 1870 610 1931 altera
632 1870 763 1931 brevior
781 1858 955 1960 [etnndum
975 1868 1054 1929 Por·

23 1973 24 2044 j
52 1970 230 2049 phyrionem.
285 1970 361 2035 Post
373 1961 686 2054 haecincipit'poeta
701 1967 782 2052 ipse,
816 1972 907 2034 cuiue
924 1970 1055 2054 lingulia

23 2091 24 2106 ¹
53 2069 302 2136 lucubrationibus
325 2070 530 2134 subiiciuntur
549 2072 806 2156 explanationes,
842 2072 973 2134 beronis
994 2071 1057 2153 pti·

23 2189 24 2258 t
55 2192 108 2244 mo,
142 2190 174 2238 et
200 2175 321 2239 deinde
348 2174 592 2256 Porphyrionis.
650 2174 733 2236 Tam
765 2186 878 2254 poetae
906 2153 1055 2243 carmina.

23 2275 24 2346 ξ
55 2293 126 2355 quam
138 2257 348 2361 interpretum
360 2277 598 2358 explanationes
618 2275 691 2337 lunt
703 2295 770 2338 uno
792 2277 971 2357 eodemque
989 2277 1055 2337 lio·

23 2357 24 2451 l
55 2395 129 2440 mano
140 2381 328 2452 charactere,
354 2381 410 2462 qui
425 2379 512 2441 idem
527 2376 651 2462 prorsus
668 2377 712 2441 est
727 2397 762 2440 ac
776 2378 813 2457 ir,
828 2397 892 2461 qno
909 2376 1068 2440 Barthol.‘

24 2496 25 2551 7
58 2476 289 2545 Goldinbecltius
309 2502 337 2544 a.
359 2482 465 2561 1476.
488 2482 649 2542 Summam
672 2482 706 2542 S.
730 2479 925 2541 Thomna&
939 2481 1055 2540 articu-

24 2584 25 2637 l
57 2577 164 2671 lbfidet'
179 2579 349 2667 impreffit.
411 2582 528 2645 Graeca
548 2580 609 2649 luia
627 2583 707 2645 locia
727 2580 841 2645 inserta
854 2579 951 2653 iunt3
989 2601 1057 2644 non

58 2680 152 2763 ubique
165 2700 284 2748 tamen.
337 2685 447 2747 Editio
465 2681 627 2766 splendida
640 2683 699 2755 est,
723 2684 788 2746 fin'e
799 2685 981 2768 signatorio,
998 2704 1058 2748 nu·

58 2788 146 2857 metir,
166 2788 368 2871 custodibuq.
393 2807 428 2849 ac
443 2786 590 2870 registro:
617 2800 763 2868 extatque
777 2788 811 2847 in
826 2785 903 2846 bibl.
929 2766 1058 2849 Calana-

59 2888 132 2959 rufi,
154 2891 237 2973 apud
258 2891 291 2953 S.
307 2889 354 2950 tlt.
369 2889 408 2948 de
424 2887 568 2969 Populo,
600 2901 633 2949 et
645 2890 680 2949 in
697 2884 774 2948 bibl.
788 2889 822 2950 S.
836 2886 884 2949 M.
899 2888 938 2948 ad
954 2889 1059 2972 Quer-

61 3006 116 3047 cum
130 2989 169 3053 0.
191 2994 231 3055 P.
250 2991 289 3065 P.
307 2990 373 3053 PP.
395 2989 541 3053 Viterbii.
594 2991 756 3052 Hactenus
783 2988 918 3051 liudiffr.
958 2978 1056 3052 Coos.

25 3108 26 3153 t
60 3085 143 3154 iltitt.
164 3114 195 3174 p.
222 3104 308 3170 752.
331 3104 364 3153 et
384 3112 417 3172 p.
443 3092 528 3166 766.
563 3092 692 3154 Debure
715 3091 793 3155 bibl.
808 3093 906 3152 Ducit
922 3091 1062 3154 Vallierii

61 3189 90 3251 T.
108 3192 146 3254 ll.
167 3216 198 3277 p.
218 3212 278 3273 91.
301 3194 355 3275 qui
375 3206 482 3277 tamen
498 3213 592 3276 opera
613 3194 740 3255 Horatii
768 3195 878 3255 omnia
899 3194 957 3257 isto
975 3194 1057 3256 libro

25 3304 27 3359 ἶ
62 3296 195 3357 contineri
207 3293 283 3358 falso
298 3295 413 3358 statuit.
465 3292 557 3359 Adde
575 3294 654 3358 tot.
668 3294 766 3359 Catal.
780 3294 858 3357 bibl.
875 3295 1061 3381 Magliabec.

38 3391 120 3475 Ι17).
142 3407 224 3474 802.
259 3399 297 3460 ln
318 3396 491 3480 Catalogne
514 3398 555 3459 cle
576 3398 605 3457 la
627 3396 776 3475 biblioth.
791 3398 836 3457 ‹lu
854 3399 937 3470 Roi,
964 3398 1062 3459 bellea

65 3492 164 3558 lettres
175 3521 206 3581 p.
225 3511 309 3578 293.
325 3512 520 3559 memoratur
540 3512 634 3561 vetuo
649 3498 752 3563 editio
770 3519 843 3560 cum
866 3513 1061 3562 commenta·
1126 3532 1130 3543 ·

64 3595 105 3657 tiit
122 3598 245 3662 beronio
268 3615 299 3661 et
314 3600 548 3681 Porphyrionis
564 3600 584 3663 l.
599 3602 621 3662 l.
640 3613 675 3661 et
696 3620 724 3664 a.
746 3614 779 3662 et
797 3601 877 3663 circa
898 3622 926 3665 a.
956 3611 1062 3681 1480.
1134 3670 1137 3679 .

26 3734 28 3785 l
65 3700 188 3775 punitum
213 3700 266 3763 sed
280 3701 364 3763 haud
380 3698 476 3763 dubie
489 3701 565 3763 haec
581 3701 644 3785 ipsa
658 3702 692 3765 h.
706 3722 734 3764 a.
751 3702 804 3784 est.
832 3715 865 3765 et
879 3704 1065 3784 exemplum
1081 3778 1084 3785 1

27 3804 31 3941 p
67 3794 127 3860 istud
147 3800 226 3865 forte
247 3803 431 3865 destitutum
458 3818 525 3865 erat
545 3804 572 3863 V
591 3803 750 3886 prioribus
780 3801 881 3874 foliis,
926 3802 1064 3867 Trrlcani

27 3944 28 3975 l

71 3998 145 4068 tibur.

872 4228 888 4261 ··
970 4220 1076 4295 ¹477·

67 3911 91 3959 rt
103 3902 179 3965 Helii
190 3905 406 3987 Parthenopei
420 3921 493 3989 epp.
517 3920 592 3968 'cum
619 3906 834 3969 vita'Horatii
852 3907 1096 3991 complentem·
1162 3956 1167 3965 .
1229 3888 1240 3923 ”
