2642 4850
146 364 370 437 cenurnvru
399 364 436 415 ι.
459 365 502 418 ιι.
534 364 700 418 oxvrn.
731 352 923 440 tur-4.
989 362 1069 435 521

28 541 169 672 Non
195 592 295 687 ebur
319 617 453 703 neque
478 618 650 670 aureum

103 737 199 808 Mea
229 700 451 803 renidet·in
477 728 606 804 domo
631 730 814 807 lacunar:

31 871 149 947 Non
174 865 300 939 trabes
328 840 553 963 Hymltnae

102 1007 299 1085 Premunt
322 998 527 1076 columnas
549 997 692 1073 ultima
715 994 856 1113 recisas

867 1122 869 1133 ¹
917 1131 1076 1211 Africa:

84 1438 117 1475 v.
138 1426 240 1487 1-8.
263 1415 404 1471 Sententia
420 1413 547 1499 vulgario
562 1488 565 1495 ¹
581 1431 675 1473 menta
691 1428 720 1471 et
733 1414 812 1495 varii·
821 1415 930 1495 generis
946 1412 1080 1490 supellex,

36 1519 124 1561 eret:
163 1506 270 1574 Pauper
291 1519 342 1579 ego
364 1503 438 1562 sum,
468 1516 495 1555 et
518 1503 548 1555 in
581 1500 675 1559 sellae.
704 1502 767 1556 vasa
782 1516 855 1581 (caet.
894 1500 944 1554 isto
965 1498 1081 1553 inducte
1184 1537 1193 1545 -

37 1586 100 1646 linc
121 1600 281 1663 paupertate
302 1585 374 1641 mihi
394 1585 547 1640 admotlnm
581 1586 629 1647 vel
647 1586 717 1641 adeo
746 1605 781 1640 ex
811 1604 845 1640 eo
872 1584 962 1657 dolata
984 1597 1080 1649 erant;

36 1673 160 1749 placem
178 1670 292 1724 divitiae
313 1689 402 1743 neque
417 1670 547 1744 pollideo,
582 1690 652 1744 qnae
675 1670 826 1748 generatim
846 1684 928 1744 poetu
951 1670 991 1722 ita
1006 1686 1081 1724 com·

39 1776 142 1831 neque
171 1754 302 1808 desidero.
370 1754 548 1810 Ornatissime
582 1754 722 1829 plectitur.
763 1757 863 1826 Neque
882 1769 974 1807 tamen
994 1754 1081 1811 Acro·
1186 1802 1189 1816 ,

37 1839 121 1896 hanc
145 1838 299 1914 specialium
327 1839 477 1892 notionum
506 1857 549 1892 co·
582 1841 627 1893 nie
656 1853 685 1893 et
713 1837 804 1893 Schol.
826 1841 913 1912 Cruq.
941 1838 1082 1891 rationem

40 1927 110 2001 pia,
134 1926 224 2008 iisque
237 1924 374 1984 maxime,
395 1923 446 1995 qui
459 1923 550 1998 perdi·
583 1943 645 1977 cnm
661 1922 827 1997 quibusdam
843 1922 923 1997 plane
938 1924 1081 1999 aspernan-

40 2024 113 2064 tum
137 2009 233 2063 aetatis
256 2009 315 2061 strae
336 2008 437 2063 luxum
466 2008 548 2061 reser·
583 2008 645 2062 dem
662 2007 808 2069 duxerim,
838 2026 892 2080 qua
907 2007 972 2061 ebur
987 2021 1014 2060 et
1029 2026 1078 2060 eu·

16 2108 128 2155 nent,
188 2091 327 2147 coloribus
371 2091 549 2147 adumbravit
582 2113 655 2147 reum
684 2092 794 2153 lacum
823 2092 875 2147 esse
898 2089 1001 2145 volunt
1015 2107 1080 2163 pro,

40 2194 141 2255 poete.
186 2176 281 2230 Primo
301 2175 366 2230 loco
382 2164 549 2237 'commemo-
582 2175 735 2231 ebunreum
759 2190 786 2230 et
811 2194 927 2230 aureum
958 2174 1081 2236 lacunar,

40 2278 151 2317 rantur
171 2261 291 2315 aedificia
312 2260 470 2334 splendida3
492 2261 548 2334 spe·
582 2280 651 2334 qune
672 2260 733 2315 setis
755 2260 835 2314 docta
856 2275 938 2334 atque
958 2260 1081 2333 appofite

41 2346 184 2418 cielieqne
198 2344 265 2399 haec
286 2344 452 2398 divitiarum
468 2345 548 2398 notio
581 2344 610 2399 h.
627 2344 647 2398 l.
675 2344 806 2408 videtur,
856 2365 919 2398 curn
941 2361 999 2396 non
1027 2343 1081 2397 nisi

41 2430 236 2505 descriptione
253 2429 351 2483 talium
373 2428 482 2484 aedium
499 2448 549 2504 per
582 2429 775 2505 specialissimis
802 2429 871 2484 ideis
892 2429 921 2483 h.
944 2427 963 2482 l.
998 2420 1080 2502 poete

41 2530 142 2594 partes
164 2514 286 2568 instituta
306 2514 448 2600 insigniter
471 2532 550 2568 exor-
582 2516 707 2575 esuriit,
730 2529 758 2567 et
779 2512 940 2568 exornando
955 2511 1081 2567 lacunari
1143 2514 1148 2532 '

42 2616 144 2668 natur.
191 2619 217 2653 ι.
238 2601 271 2652 sn
286 2598 371 2651 domo
392 2617 452 2651 mea
476 2597 550 2652 nihil
583 2597 652 2654 ebur
683 2598 765 2651 etiam
796 2597 952 2652 adhibitum
981 2596 1081 2651 suerit.

42 2684 221 2764 pretiosum.
253 2682 331 2755 qnod
353 2680 449 2736 oculos
472 2701 549 2757 prae-
581 2686 674 2738 Sencc.
689 2682 799 2754 Thyest.
816 2692 886 2754 457.
910 2682 966 2737 Nee
981 2679 1081 2756 fulget

43 2769 181 2847 stringet,
220 2786 309 2840 neque
340 2764 432 2821 eboris
459 2784 548 2839 neque
581 2768 645 2822 altis
676 2764 852 2842 splendidum
895 2767 970 2820 tectis
1005 2766 1081 2819 ebur.-

43 2851 294 2931 ullaaurilamina,
308 2850 484 2924 conspicitur,
502 2843 546 2904 esi.
580 2852 673 2906 Etiam
697 2851 795 2906 Cicero
814 2869 968 2905 marmorea
993 2864 1081 2909 tecta,
1126 2843 1130 2848 ⁴

45 2937 332 3012 Eanifitiorautem
346 2935 453 2999 forma,
474 2935 547 2994 estur,
580 2933 982 2996 hmarmoiiecruslieornata,
1001 2934 1081 2987 ebore
1163 2942 1170 2956 ‘

45 3043 146 3078 aarum
163 3019 266 3076 renidet
286 3022 313 3073 1⁴1¹
336 3020 431 3092 domo,
454 3018 546 3078 altera,
581 3033 609 3074 et
629 3037 696 3074 auro
711 3017 854 3098 fulgentia
874 3030 1012 3071 memorat
1032 3018 1082 3069 Pa·

45 3108 145 3163 domus
161 3105 270 3164 renidet,
293 3103 446 3178 resplendet
460 3103 546 3162 ebore,
581 3104 639 3157 rad.
661 3106 683 3156 Ι.
713 3112 743 3174 4.
787 3130 829 3145 -
856 3101 1082 3176 Leonnatum·

44 3211 134 3251 euro,
157 3208 211 3262 qua
228 3190 291 3242 usus
307 3188 344 3242 est
358 3186 547 3261 Bacchylides,
582 3209 641 3248 um,
661 3205 730 3240 auro
746 3187 913 3246 inductum,
944 3184 1081 3242 condeco·

46 3277 129 3330 cuiue
144 3273 238 3328 locum
259 3273 291 3326 in
304 3271 399 3326 animo
411 3272 489 3351 ''sorte
501 3271 546 3323 hu·
580 3286 681 3326 ratum.
703 3291 732 3325 v.
749 3271 782 3324 ad
797 3275 834 3325 sl.
858 3269 904 3325 16.
925 3288 972 3323 ιι.
998 3282 1082 3336 —30

45 3357 178 3415 buith.l.
201 3355 426 3412 HoratiueuXI.
441 3376 486 3409 ιι.
500 3370 545 3407 12.
580 3367 609 3429 4.
630 3358 691 3412 Nec
704 3345 841 3410 columnis
856 3349 1018 3422 marmoreis
1032 3352 1083 3407 do·

46 3442 151 3513 (Amal.
174 3445 221 3499 Br.
246 3446 268 3496 Ι.
291 3446 380 3509 ι5ι.)
408 3429 547 3517 Χρυσῷ-δ’
580 3459 643 3495 mue
663 3439 793 3494 instructa
812 3439 861 3499 est,
882 3437 972 3492 nullae
994 3437 1083 3511 porti·

46 3526 179 3602 ἐλέφαντι
199 3548 230 3582 τι
251 3525 443 3602 μαρμαίρουσιν
466 3515 547 3594 οἴκοις
581 3544 666 3579 cuum
675 3524 895 3603 contignationes
903 3522 994 3576 habet.
1011 3526 1083 3583 Iam,

47 3628 76 3667 et
99 3616 214 3667 Lucret.
237 3615 273 3665 Is.
295 3624 343 3676 27.
375 3611 432 3664 Nec
454 3609 549 3664 domne
581 3627 639 3683 quo
660 3609 749 3687 magis
768 3608 853 3662 hnine
876 3605 962 3661 luxus
978 3605 1082 3671 insanie
1150 3659 1153 3664 ,

48 3713 165 3771 argento
176 3696 281 3771 ¹fulget,
303 3687 421 3769 erronee
436 3693 547 3748 renidet.
582 3708 741 3768 appareret,
770 3690 976 3772 pretiosissima,
999 3708 1083 3763 quae·

48 3781 125 3838 Nam
150 3781 268 3836 renidere
287 3779 401 3854 proprie
437 3777 471 3832 de
495 3775 550 3831 sul·
583 3797 638 3851 que
657 3777 722 3832 ideo
743 3775 877 3837 Romanis
905 3775 1027 3828 maxime
1049 3773 1083 3827 in

49 3883 121 3943 gere
140 3863 304 3940 repercusso.
341 3860 401 3917 vid.
418 3861 451 3915 ad
465 3863 502 3916 11.
519 3872 548 3930 5.
582 3861 690 3916 deliciis
712 3862 813 3921 essent,
840 3877 1012 3914 marmorum
1036 3877 1084 3936 ge-

55 3967 103 4023 ¹9·
139 3953 197 4004 Iam
218 3947 283 4003 elme
302 3938 447 4001 ueteribus
469 3965 558 4024 exor-⁴
582 3963 649 4001 nera
664 3947 746 4020 ponit
758 3961 848 4020 poeta.
896 3944 997 3999 Trabes
1014 3941 1081 3996 h.l.

51 4033 157 4088 utendae
171 4033 270 4088 domui
283 4029 360 4087 varie
375 4031 548 4085 inserviebat.
583 4031 737 4105 superiores
750 4030 894 4085 columnae
909 4042 1007 4102 partes,
1023 4026 1083 4102 epi·

45 4115 128 4192 ,Nam
142 4133 170 4172 et
184 4117 288 4194 postet,
308 4117 440 4193 parient,
471 4116 550 4191 pavi·
581 4114 713 4191 stylinm,
735 4114 891 4192 zophorum
899 4126 927 4168 et
935 4129 1082 4170 coronam,

496 4211 500 4216 '
641 4198 733 4268 ΚΗ
916 4265 923 4282 N
1030 4211 1085 4252 tre·
