2642 4850
312 377 537 476 QRHINVM
567 380 603 432 L.
627 379 655 433 1.
688 382 719 433 C.
740 379 819 462 1117
1002 383 1080 454 125

523 503 527 514 i
1011 521 1020 534 Ι

82 543 1064 596 mun—m

200 702 236 782 C
292 701 340 780 A
393 700 438 777 R
495 706 552 779 M
602 705 644 780 E
696 706 753 781 Ν
834 703 1007 784 XIL-.

296 847 301 858 ’
370 837 772 940 enarraturum.
1063 805 1065 818 Ι

65 989 214 1125 Ceumen
237 1054 314 1127 isac,
341 1024 428 1139 quoti
446 1052 492 1149 est
511 1077 529 1116 e
546 1065 656 1137 genere
673 1058 771 1138 gravi
789 1067 887 1142 atque
902 1052 1083 1151 magnifico,

67 1192 189 1241 tantam
208 1180 243 1240 iu
263 1175 454 1240 edomando
469 1189 566 1262 atque
587 1177 818 1259 pertractando
832 1191 1019 1262 argumento
1035 1202 1085 1243 ar·
1112 1208 1129 1268 χ

66 1313 123 1361 tem
141 1298 297 1394 sstmditi
322 1312 479 1382 tantaque
491 1294 777 1398 augustiffimarum
796 1302 971 1384 imaginum
982 1301 1085 1384 digni·

66 1433 136 1490 tate,
146 1422 367 1504 orationisque
379 1434 508 1492 ornatu,
525 1434 622 1505 atque
628 1422 815 1484 elocutionis
830 1424 866 1485 vi
881 1413 1086 1514 conspicuum

57 1525 121 1638 est,
144 1556 183 1604 ut
204 1533 309 1635 ipsam
331 1542 447 1626 lyricae
474 1534 602 1634 poeseos
624 1542 821 1638 maiestatem
842 1535 1085 1636 repraesentare,
1170 1571 1174 1582 ·

65 1659 245 1748 orusirsoque
256 1645 519 1755 splendiciiffiiuis
540 1664 677 1727 Horatii
697 1664 842 1748 operibus
875 1665 1084 1728 adnumeran-

65 1787 134 1849 ium
147 1786 305 1849 vs'sieatur.
359 1785 422 1848 Sed
437 1787 470 1846 iu
485 1787 549 1848 eius
556 1779 765 1879 descriptione
771 1787 943 1850 admodum
959 1788 1085 1848 haerere

64 1910 169 1973 videas
183 1910 319 1991 Iuspp.‚
344 1906 431 1993 quoii
444 1923 509 1970 nou
524 1910 650 1980 mirum,
678 1932 748 1970 cum
781 1910 938 1992 iugulatis
953 1910 1082 1971 omniuo

64 2022 308 2122 iilisu'iugreffus
323 2027 386 2121 sit.
440 2030 567 2091 Putant
580 2020 674 2119 sere,
704 2032 880 2094 Horatium
904 2050 1083 2091 enumerare

9 2179 11 2186 ⁴
65 2153 218 2225 Deorum,
241 2154 378 2223 heroum,
406 2164 439 2212 et
451 2171 638 2231 magnorum
651 2154 775 2213 Romae
787 2154 928 2214 virorum
941 2150 1081 2232 uszsltitu·

64 2276 180 2348 siinem,'
202 2296 281 2361 quos
302 2274 384 2335 nolis
400 2293 525 2342 canere,
552 2286 584 2335 et
596 2285 705 2335 tamen
721 2273 855 2335 breuiter
869 2284 987 2342 canat,
1013 2284 1082 2345 tum
1118 2309 1122 2320 ι

64 2397 104 2459 ad
116 2401 204 2479 Augu
220 2414 287 2459 sum
302 2396 423 2465 venire,
449 2414 539 2478 quem
557 2396 686 2477 proprie
698 2395 833 2459 uoluerit
847 2415 967 2457 canere.
1021 2391 1083 2455 seu
1158 2438 1161 2447 ⁴
1187 2434 1191 2447 ,

63 2541 127 2580 eum
139 2517 192 2610 fic
213 2512 349 2580 ieissnam
369 2517 542 2578 admodum
559 2519 715 2579 rationem
728 2508 861 2610 secutus
877 2508 954 2606 effer
973 2529 1082 2597 poeta,

63 2655 125 2702 tum
139 2664 176 2702 ue
190 2632 322 2732 secutus
338 2636 541 2732 estquidem;
575 2662 652 2702 uam
670 2662 793 2712 omues,
818 2659 899 2724 quos
918 2652 1081 2707 memorat,

64 2783 166 2822 canere
180 2753 220 2854 se
242 2760 321 2824 veile
341 2763 488 2822 nimirum
510 2764 568 2825 ait.
630 2762 771 2844 Cumque
791 2774 823 2825 et
843 2762 1030 2843 hymnorum
1051 2774 1085 2822 eb

62 2883 187 2944 odonem
203 2873 552 2979 genusfuiffecorsset
571 2883 807 2963 opsideremus,
838 2882 925 2965 qnod
945 2882 1082 2962 plurium

63 3002 164 3065 laudes
176 3005 442 3087 complecteretur,
468 3006 638 3076 Horatius,
665 3002 841 3097 Augrfium
861 3001 1080 3071 celebraturus,

63 3147 126 3186 eam
147 3122 301 3205 rationem
316 3118 380 3220 sed
402 3148 487 3189 novo
511 3125 650 3220 artificio
667 3128 814 3188 imitatur
830 3127 895 3198 ita,
922 3139 960 3186 ut
979 3125 1081 3193 Deos,

63 3249 175 3322 heroas,
201 3270 396 3333 magnosque
409 3250 532 3310 Romae
544 3252 631 3312 viros
645 3261 809 3323 enumeret,
836 3260 868 3309 et
881 3247 969 3308 breui
982 3247 1045 3329 elog
1051 3248 1081 3306 io

63 3368 185 3443 decoret,
212 3371 325 3466 ssique
329 3362 520 3463 splendidae
526 3362 623 3463 seriei
636 3370 682 3430 ad
695 3384 866 3432 extremum
879 3369 1034 3430 adnectat
1048 3385 1080 3431 et

63 3484 193 3582 adsociet
206 3494 400 3589 Augustum,
427 3515 525 3578 neque
531 3485 642 3584 solum,
643 3490 698 3584 fic
714 3493 775 3554 iliis
790 3512 913 3573 parem,
933 3481 996 3580 sed
1015 3512 1079 3552 uuo

62 3615 133 3676 Iove
141 3610 321 3707 inferiorem
336 3628 450 3699 ponat.
505 3615 578 3709 Quo
591 3635 688 3698 quam
693 3606 900 3706 splendidum
915 3625 1012 3696 atque
1026 3635 1078 3675 ex·

63 3729 165 3827 celsum
185 3739 322 3834 Augusti
343 3739 476 3819 elogium
500 3738 717 3810 contineatur,
764 3737 836 3819 quis
859 3754 923 3795 nou
945 3731 1081 3798 uideat?

62 3858 161 3937 Igitur
175 3865 224 3924 ita
236 3854 444 3953 insumemus
459 3860 567 3920 auimo
579 3851 775 3948 progreffum
790 3858 949 3949 carruinis.
1001 3858 1077 3917 Poe·

62 3990 96 4039 ta
108 3977 314 4077 enthusiasmo
327 3977 501 4071 exeelfiore,
517 3995 549 4043 es
566 3984 695 4064 impetu,
711 3981 822 4061 magui
839 3978 972 4041 alieuius
985 3999 1078 4060 argu·

63 4106 150 4165 nenti
164 4107 306 4180 caueruii,
333 4117 506 4185 correptus,
531 4105 641 4189 plenus
649 4096 834 4196 sublimium
843 4090 995 4195 sensuum
1011 4089 1078 4189 ipse

926 4217 1071 4302 ambigit,
