2642 4850
312 318 797 409 PRAEFATIO.
1024 355 1085 409 111,
1210 326 1212 337 ’

12 596 20 653 s

12 680 14 685 ’
54 708 126 785 que
142 680 468 784 circumspectius
483 706 596 783 agere
611 681 870 771 decreverim.
924 689 1074 789 Quam.

12 792 14 839 t

12 844 14 895 s
53 863 165 938 quam
183 842 298 914 enim
326 839 407 913 iam
431 853 540 928 tum,
582 848 714 939 q'uum
732 836 882 915 edendi
914 838 1073 915 Horatii
1135 936 1139 951 Ι

12 990 15 1105 j
47 997 305 1098 provinciam,
335 995 456 1067 alani
476 989 568 1068 satis
587 993 808 1094 prudenter
824 991 1071 1072 edntinistra·

12 1184 15 1209 ι
50 1163 139 1242 tun,
192 1134 459 1249 eiusdemque
493 1146 800 1250 praestantissimi
821 1153 903 1239 viri
929 1164 1072 1239 morte,

12 1284 14 1381 i
53 1331 144 1406 quae
158 1306 282 1382 bonis
302 1304 469 1381 omnino
493 1304 636 1395 literis,
664 1307 835 1383 maxime
857 1304 1007 1385 Nostro
1033 1319 1073 1380 et

47 1458 215 1549 Velleio,
265 1460 415 1562 quibus
458 1428 500 1535 se
520 1476 656 1569 totum
700 1460 924 1551 dediderat,
980 1458 1069 1537 sane
1134 1481 1139 1491 ’

53 1640 163 1713 quam
186 1617 321 1727 granis
338 1613 499 1704 eccidit,
525 1613 793 1695 vacuefactum
810 1621 1071 1696 summorum

12 1732 14 1797 ἶ
54 1771 233 1853 Vironmi
246 1770 415 1846 'hortmu
434 1786 473 1844 et
490 1773 722 1847 auctoritate
735 1774 903 1849 ulterius
926 1795 1071 1850 ornan·

12 1914 13 1983 }
51 1924 134 2002 dam
152 1925 413 2027 susciperem,
446 1927 574 2028 probe
596 1926 821 2004 admodum
845 1927 950 2007 mihi
978 1950 1070 2028 per·

12 2074 14 2165 ἑ
56 2077 190 2182 spicere
206 2081 394 2172 videbor,
425 2097 527 2180 quot
541 2097 581 2157 et
598 2083 731 2183 qualia
747 2107 792 2157 ea
807 2079 946 2172 essent,
966 2064 1070 2181 vqui-

12 2246 14 2325 t
52 2194 116 2319 bns
130 2203 372 2315 sasissactum
393 2253 615 2339 oporteret,
643 2235 910 2315 sifacilitatem
925 2260 1069 2325 meam,

12 2362 14 2480 i
53 2380 98 2467 in'
109 2392 299 2495 capienda
314 2392 385 2469 ille
407 2389 617 2484 ostensam,
653 2418 676 2468 a
697 2395 926 2478 temeritatis
940 2386 1069 2493 ¹culpa

13 2529 15 2596 ἰ
54 2550 144 2648 apud
156 2574 311 2649 aequos
325 2563 365 2622 et
375 2547 644 2649 intelligentes
659 2551 720 2624 rei
733 2552 899 2627 arbitros
913 2547 1069 2624 redem-

13 2667 15 2676 Ι
56 2718 124 2780 tem
145 2730 355 2807 cuperem,
383 2701 537 2804 istaque
558 2706 747 2810 cogitatio
771 2706 955 2781 animum
976 2702 1069 2780 soli·

57 2858 158 2934 citius
172 2859 355 2948 haberet3
384 2833 534 2960 inipso
549 2876 680 2959 tamen
700 2864 832 2963 operis
852 2854 1069 2972 progressu,¹
1138 2887 1143 2892 ·

57 3031 169 3110 quum
187 3015 233 3088 in
254 3011 441 3090 medium
461 3040 597 3091 rerunt
628 3032 763 3095 ectum
784 3014 979 3104 deferrer,
1024 3037 1067 3086 ae
1149 3053 1154 3066 .

57 3161 290 3243 difficultates
313 3170 457 3267 partim
478 3173 634 3271 agmine
653 3170 761 3248 sacto
780 3194 846 3246 me
867 3167 1064 3246 circumst-

56 3319 180 3412 stent,
195 3324 353 3423 „partim
369 3348 417 3397 ex
433 3321 585 3401 insidiis
602 3326 849 3429 necopinum
868 3324 1069 3427 opprime·

59 3491 150 3567 rent,
182 3475 482 3554 solicitudinem
510 3478 624 3555 istem
647 3475 817 3557 mirifice
844 3480 981 3580 augeri
1006 3479 1070 3553 in·
1177 3557 1180 3566 ,

61 3631 233 3733 tcn'diqne
251 3655 398 3733 magno
419 3592 512 3710 curn
533 3633 736 3712 molestiae
753 3633 869 3713 seusu
885 3648 1071 3735 expertus
1152 3619 1154 3628 '

61 3778 142 3864 sunt
198 3794 307 3894 Ques
331 3786 498 3886 quidem
520 3789 768 3866 difficultates
789 3791 958 3866 minime
978 3781 1072 3864 affe·
1130 3859 1136 3873 ,

62 3949 161 4016 etates
192 3957 263 4018 aut
292 3942 514 4023 remissioris
544 3943 667 4024 studii
696 3945 918 4049 patrocinia
952 3969 975 4020 a
1005 3968 1071 4019 me

963 4126 1076 4204 prae·

55 530 153 618 rem,
186 540 300 604 tento
322 523 603 628 pensiculatius
625 525 771 629 pedem
795 548 983 617 movere,
1019 538 1076 601 at·
1170 544 1174 553 ·
1308 514 1310 521 ’
