2642 4850
256 334 382 408 maxa
488 335 558 387 na
599 333 748 387 virt
793 321 1104 389 nonaum

336 531 602 577 rimanorum
624 512 751 596 abipso
772 475 1000 595 elegantissime
1021 514 1168 598 pingitur
1189 514 1278 594 Epist

93 579 96 590 ¹
153 651 156 660 ι
261 616 290 678 1.
315 617 388 692 6.5
414 613 477 697 sqq.
528 617 595 678 Sita
617 628 684 678 erat
706 615 740 676 in
761 614 904 687 Sabinie;
943 635 1011 677 non
1036 616 1150 695 procul
1168 614 1281 676 Tibure

260 715 372 778 versut
384 718 587 798 Aquilonem.
618 787 621 792 ,
640 719 751 779 Vicina
765 731 831 778 erat
845 718 960 795 Varia(
970 717 1066 798 Epist.
1083 719 1109 778 1.
1138 725 1196 794 14.
1222 729 1251 795 5.
1259 718 1282 791 ).

263 820 344 882 item
359 817 508 881 Mandela
524 821 607 902 (Ep.
622 820 647 881 1.
669 831 724 898 18.
746 819 868 898 105.);
894 808 1078 901 proximum
1099 816 1213 879 sanum
1234 819 1283 878 Va·

266 939 366 982 cunae
382 923 466 1001 (Ep.
479 924 507 984 1.
528 942 569 983 ιο
585 936 666 984 extr.
677 919 701 1003 ).
743 911 825 1005 Ager
840 920 1004 982 dicebatur
1017 887 1184 989 Raurlulin
1201 916 1283 981 fonte

224 1028 228 1037 ‘
264 1020 429 1083 Bandusut
439 1022 496 1100 (G.
510 1024 572 1086 Ill.
590 1021 669 1109 15.)
683 1021 829 1108 insignit,
855 1023 942 1083 unde
957 1035 1046 1085 ortus
1062 1024 1155 1084 rivus
1173 1023 1284 1105 Digen-

170 1135 173 1140 ’
263 1124 309 1185 tia
337 1120 454 1207 (Epist.
474 1126 501 1188 l.
525 1137 581 1202 18.
611 1121 732 1208 105),
764 1123 902 1184 fundum
925 1125 1050 1185 Horatii
1069 1121 1208 1185 suaviter
1226 1124 1286 1182 irri-

260 1224 369 1309 gabat.
422 1228 520 1292 Silvia
530 1241 563 1287 et
577 1227 766 1291 nemoribus
786 1223 1004 1289 amoeniffima
1022 1239 1089 1290 erat
1106 1226 1215 1310 regio,
1245 1226 1286 1284 in·

266 1328 381 1409 primia
399 1327 507 1390 versun
521 1331 690 1415 antiquum
713 1329 870 1412 templum
890 1329 1034 1392 Vacunae
1055 1329 1111 1408 (v.
1128 1327 1215 1389 Plin.
1234 1326 1285 1386 lll.

252 1439 255 1446 “
273 1444 331 1491 12.
340 1430 374 1505 )‚
385 1443 432 1512 get
445 1431 581 1514 amplius
595 1429 703 1491 versus
725 1432 886 1492 Anienem
899 1430 931 1491 fl.
949 1444 981 1489 et
992 1429 1097 1490 Tibur
1110 1428 1286 1511 sequebatur

136 1587 139 1594 .
268 1523 359 1590 sucus
373 1531 521 1595 Tiburni.
573 1532 643 1594 Nec
658 1533 790 1594 deerant
809 1529 896 1602 saxa,
927 1549 1039 1612 rupee,
1062 1533 1195 1591 dumeta
1214 1530 1286 1609 (Ep.

269 1631 297 1693 Ι.
321 1645 376 1708 14.
405 1629 504 1715 19.);
536 1648 573 1694 ut
593 1636 733 1697 maxime
753 1635 877 1717 poetica
896 1635 985 1717 regio
1008 1633 1073 1693 dici
1094 1626 1207 1715 posset.
1255 1630 1287 1689 ln

161 1773 165 1786 .
270 1735 415 1795 convalle
434 1737 517 1796 inter
531 1736 724 1797 Lucretilem
746 1748 894 1797 montem
910 1748 944 1794 et
966 1733 1118 1806 vticam,
1155 1729 1287 1794 saxosum

270 1825 407 1918 collem.
427 1856 523 1917 aquo
536 1835 600 1920 ipsa
616 1839 713 1898 etiam
737 1836 942 1898 vallis'Vstica
964 1836 1063 1908 dicta,
1096 1855 1168 1898 non
1186 1831 1288 1917 procul

269 1932 362 1998 sonte
377 1937 534 2026 Banduoo
549 1942 601 2020 (v.
617 1940 719 2002 Senn.
737 1940 778 1999 11.
799 1932 928 2020 6.'2.),‚
965 1938 1075 1999 villam
1099 1935 1200 2019 ipsam
1220 1933 1289 2017 post·

269 2049 336 2100 tam
346 2036 440 2108 -suiss'e
455 2039 619 2121 probabile
636 2041 689 2102 est.
734 2027 904 2124 Eleganter
915 2052 980 2102 erat
992 2039 1155 2103 aedificata
1171 2039 1210 2100 de
1224 2034 1287 2096 albo

269 2133 342 2221 lapi
345 2141 375 2200 le
390 2142 576 2205 liburtlno.
628 2141 799 2204 Habebat
791 2165 824 2203 rn
843 2162 879 2204 ea
894 2141 1046 2202 Horatius
1059 2142 1207 2202 villicum
1224 2156 1288 2199 cum

136 2304 139 2312 ,
269 2254 344 2302 octo
359 2241 472 2313 servia,
499 2256 532 2305 et
546 2233 723 2304 virebant
714 2265 749 2305 ru
769 2244 871 2330 agello
887 2245 1030 2325 quinque
1050 2240 1188 2303 familiae
1209 2239 1284 2324 (Ep.

268 2340 349 2402 Ῑ.ι
321 2356 374 2419 lui
394 2345 449 2421 5.)
481 2345 568 2403 unde
589 2342 658 2406 satie
679 2345 802 2407 lautum
822 2342 960 2405 sundurn
982 2342 1071 2406 fuisse
1090 2344 1288 2428 intelligatur

271 2444 468 2528 Scripsemnt
488 2447 579 2527 plura
601 2447 640 2508 de
664 2448 738 2510 villa
760 2449 886 2510 Horatii
914 2447 1044 2510 Cluver.
1066 2460 1131 2509 ant.
1163 2445 1231 2507 ltal.
1252 2440 1287 2502 ll.

273 2562 297 2624 9
313 2543 375 2627 sqq.
388 2559 420 2608 et
433 2567 569 2633 magno,
597 2545 729 2609 sorte
696 2553 800 2613 nrmio
816 2550 934 2620 studio,
949 2596 952 2602 2
969 2548 1022 2612 M.
1037 2548 1078 2611 L.
1102 2544 1289 2629 Cupmartiu

19 2624 22 2633 ¹
142 2668 144 2675 ·
272 2644 315 2705 de
338 2647 355 2704 (
350 2649 504 2732 .”“Ιιαιψγ
493 2671 529 2711 rn
556 2645 760 2713 Decouverre
781 2652 820 2712 de
847 2651 880 2713 lu
907 2641 1030 2741 raasson
1055 2650 1094 2711 dr
1121 2663 1288 2728 campagm

229 2746 233 2767 ¹
273 2747 448 2822 ri’Hornce‚
493 2750 602 2812 Tomes
627 2753 703 2815 III.
743 2754 846 2815 Rome
879 2754 986 2825 1767.
1027 2763 1061 2829 8.
1110 2748 1287 2835 Elegantius

272 2850 376 2909 multo
391 2852 433 2912 cst
446 2850 613 2913 Dominici
626 2852 666 2911 de
681 2853 810 2915 Sanctis
816 2854 867 2916 D
856 2830 1053 2943 [sertazmnc
1053 2842 1190 2947 supin
1172 2852 1206 2912 su
1218 2846 1288 2911 vissa

273 2949 309 3011 ds
327 2948 427 3015 Oraz'
397 2974 445 3012 to
457 2953 584 3016 Flacco
608 2956 650 3013 In
669 2956 776 3016 Roma
796 2960 902 3031 1761.
923 2963 958 3037 4
992 2954 1140 3035 Denique
1158 2949 1286 3015 Hector·

270 3065 334 3123 tur,
362 3050 573 3118 nobiliffimur
587 3056 770 3118 delineaurli
786 3055 907 3127 artifex,
935 3057 1125 3118 dexterrime
1141 3049 1286 3117 nonnulla

269 3174 336 3237 agn
327 3152 435 3219 ”illius
446 3155 594 3218 Bandusrl
610 3159 677 3219 loca
688 3158 960 3251 repraesentavit,
989 3171 1023 3221 et
1043 3155 1209 3245 ingeniose
1180 3151 1286 3218 [Ho-

234 3324 237 3331 ,
270 3257 343 3320 retii
360 3257 586 3345 descriptiones
598 3261 637 3323 iit
651 3262 920 3326 accommodavit.
