2642 4850
97 363 103 370 .
266 270 420 374 xurrt'
603 278 1010 367 nnuontrtr'
1077 346 1135 401 A

246 408 257 434 ,
667 402 672 413 ,

173 473 179 479 “
240 470 368 581 ⁸aequo
381 514 416 558 nc
429 494 538 578 prior3
563 491 737 574 dequibus
757 489 834 552 alibi
856 486 960 593 forsan
984 486 1147 574 aperietur
1173 487 1292 551 dicentii

267 604 368 665 locut.
391 595 621 677 (Biblllcad.)
1147 600 1152 607 ·

187 776 192 783 ι
348 697 522 764 corteno.
556 695 647 758 Folio
671 694 826 781 olrlongo.
878 692 1061 774 Spectatatl
1084 690 1162 754 laec.
1179 693 1295 754 XLaut

267 806 399 868 initium
421 802 496 864 XII.
547 794 728 861 llarIffirnas
754 795 851 856 habet
879 778 1101 878 diphthongos
1128 778 1296 854 seiunctim

166 938 174 945 r
267 911 385 990 pictas;
410 904 488 965 hinc
502 902 578 961 inde
592 900 713 961 vocalis
726 899 819 959 tertia
833 897 990 978 duplicata
1015 898 1149 981 gemino
1168 909 1296 957 accentu

264 1010 445 1093 insignitur.
497 1003 671 1069 Caeterum
692 1002 726 1061 in
739 1000 848 1062 medlo
871 997 1002 1060 diversa*
1015 1000 1181 1059 literanrrn
1199 995 1298 1058 forma

183 1145 191 1173 t
268 1098 470 1174 dirersorum
498 1105 701 1167 librariorum
728 1120 861 1162 manunt
886 1101 999 1184 arguit.
1048 1099 1298 1185 ‚complectitur

154 1224 159 1228 ’
197 1186 200 1197 ’
267 1209 566 1291 Arretinorum,
592 1206 721 1268 Sotirur
734 1217 767 1265 et
779 1199 962 1294 Epistulas,
995 1215 1029 1264 et
1041 1202 1149 1279 omnia
1166 1202 1299 1283 quidem

267 1316 347 1378 haec
360 1331 456 1394 opera
469 1296 602 1392 integra.
648 1305 776 1368 scholia
790 1304 886 1375 habet
899 1306 1026 1367 rariora.
1075 1302 1299 1365 Mendis'hinr

240 1406 243 1413 ¹
269 1416 348 1478 inde
362 1412 467 1503 Icatet.
506 1408 570 1493 (Io.
593 1409 662 1473 Iac.
684 1402 852 1496 Gambsti.)

275 1520 283 1531 '
346 1513 458 1578 &clarc
482 1510 532 1573 D.
561 1511 694 1572 Formae
710 1522 845 1589 quartae.
871 1508 959 1570 Saec.
976 1508 1033 1568 XI.
1050 1508 1104 1569 vel
1117 1508 1197 1589 IIII.
1214 1506 1301 1568 hunc

269 1636 397 1704 quoque
411 1612 637 1698 adsignandum
651 1592 743 1693 puto.
797 1610 962 1670 Minorem
973 1608 1092 1669 librarii
1112 1629 1226 1670 curam
1243 1607 1305 1669 Ite·-

220 1702 223 1711 Ι
268 1721 437 1806 quentiora
459 1717 554 1784 vitiar,
589 1712 757 1793 scripturae
774 1710 981 1791 inaequalitas
1000 1723 1034 1772 et
1052 1708 1163 1793 paffim
1176 1712 1298 1771 ruditas

216 1838 218 1843 ’
268 1823 443 1909 Ῑποάιιῐιῑ.1
472 1817 578 1878 Habet
601 1815 721 1876 librum
740 1814 780 1875 de
799 1815 877 1875 Arte
897 1814 1042 1893 poetica,
1075 1811 1247 1905 Epssolas
1267 1823 1297 1872 et

271 1925 409 1989 uestras.
464 1919 592 1982 Scholia
611 1918 760 1999 pauciora
784 1915 921 1998 margini
942 1912 1088 1974 visuntur
1102 1916 1210 1977 adlita.
1237 1912 1297 1981 Eu

270 2020 328 2089 ubi
348 2024 471 2093 credas,
500 2021 539 2083 arl
558 2021 673 2108 dictata
689 2018 850 2079 recitantis
865 2015 961 2076 verba
977 2015 1134 2097 excepille
1149 2014 1297 2083 scribumt

215 2151 222 2162 ’
270 2132 312 2193 lic
334 2128 369 2191 L.
390 2127 415 2187 1.
439 2126 503 2186 Sat.
526 2123 566 2183 X.
588 2144 621 2183 v.
640 2134 700 2200 50.
722 2119 819 2180 habet
840 2116 955 2189 acidiari
977 2137 1035 2199 pro
1050 2117 1182 2178 ardisti.
1237 2116 1296 2180 Sed

271 2210 358 2293 itlern
373 2231 408 2288 iu
426 2224 509 2287 Cod.
526 2223 565 2288 C.
579 2241 824 2302 nonnumquam
840 2217 1005 2281 observare
1019 2220 1109 2291 licet3
1142 2220 1184 2280 sic
1198 2222 1240 2281 L.
1256 2219 1297 2279 lI.

269 2335 334 2397 Sat.
352 2331 408 2390 Vl.
427 2347 460 2387 v.
479 2336 538 2405 54.
561 2324 727 2387 udormtes
739 2321 805 2385 Dii
822 2333 934 2403 prout
946 2341 1053 2382 omues
1063 2320 1138 2383 Dii.
1165 2323 1295 2401 (Fratre.

269 2432 354 2498 Plau.
370 2429 500 2534 Lotus.)
535 2525 538 2534 .

248 2711 275 2772 '‚
346 2721 509 2786 Hactenus
523 2721 774 2792 dessotlicibus,
804 2717 943 2803 quorum
961 2722 1148 2783 auctoritate
1170 2719 1297 2784 Horatii

220 2854 225 2861 ·
268 2822 366 2886 lectio
381 2822 577 2887 stabilitaest.
631 2825 718 2894 lant,
751 2841 815 2904 quo
830 2824 945 2883 melius
961 2821 1180 2904 perspiciatur,
1202 2840 1296 2906 quant

268 2925 652 3011 exiguumomninoillud
665 2926 712 2997 lit.
726 2925 886 2986 finurneri
901 2923 1149 3004 ratiohabeatur‚
1165 2924 1301 3008 quodin'

269 3015 399 3110 poetam
412 3027 553 3089 nostrum
563 3048 584 3090 ‚e
593 3024 699 3091 Codtl.
712 3027 897 3088 redundarit
910 3026 1090 3087 adiumenti
1104 3039 1198 3108 atque
1211 3043 1295 3087 corn·

271 3131 375 3199 modi,
396 3143 429 3191 et
441 3132 496 3210 qui
508 3128 628 3191 fructus
641 3130 778 3214 amplius
792 3128 868 3189 inde
884 3126 1029 3209 Iperantli
1045 3129 1123 3201 sinn
1141 3130 1308 3191 librorum«

270 3228 376 3301 MSS..
399 3233 712 3312 maximam'partern
731 3223 880 3317 nonduni
902 3228 1117 3301 exsufforum,
1159 3231 1296 3311 copiam,

269 3351 328 3414 per
350 3333 518 3393 cultiorem
541 3323 689 3414 Europae
708 3344 831 3413 partem
853 3328 1001 3413 [pariant.
1027 3330 1083 3391 sub
1104 3351 1206 3392 unum
1221 3351 1296 3392 con·

271 3432 414 3514 spectum
436 3433 490 3494 hit
508 3434 663 3497 adducere
684 3446 717 3496 et
733 3445 882 3514 tanquam
896 3433 930 3492 in
945 3432 1050 3493 tabula
1066 3430 1311 3515 repraesentate

270 3533 373 3596 visum
391 3535 452 3598 est:
472 3555 662 3617 quamquam
677 3555 716 3596 ex
729 3535 864 3605 notitiis,
879 3555 956 3616 quaa
972 3534 1184 3620 bibliographi
1201 3535 1244 3596 tle
1258 3535 1296 3594 iia

270 3633 485 3717 suppeditant,
516 3658 627 3719 parurn
651 3637 802 3698 accuratis
820 3655 856 3698 ac
874 3633 1055 3706 subtilibus,
1089 3657 1186 3718 quem
1203 3635 1296 3702 ulum

270 3739 414 3798 criticum
430 3738 602 3819 praestituri
615 3737 692 3807 sint,
728 3739 864 3800 ornnino
881 3758 993 3819 parum
1013 3752 1084 3800 tuto
1104 3739 1195 3799 statui
1209 3735 1294 3819 polle

268 3837 334 3919 ipse
367 3839 508 3929 sentiani.
567 3838 812 3923 Alphabeticuni
846 3852 954 3900 autern
989 3842 1024 3901 in
1055 3842 1163 3911 terris,
1214 3855 1293 3920 quau

216 3929 219 3936 ¹
270 3940 343 4002 istos
364 3939 525 4005 thesauros
547 3943 731 4005 reconditos
752 3939 893 4016 serrant,
926 3941 1148 4026 percutiendis
1173 3940 1292 4005 tenebi-

137 4039 142 4048 '
266 4061 339 4105 mus
356 4043 515 4107 ordinem.
566 4045 714 4108 Primum
732 4044 831 4129 igitur

1128 4121 1286 4207 ·⁸Iu
