2642 4850
610 56 627 99 ,l

158 322 512 439 elamitarum.
541 316 711 435 catut.
739 345 926 434 v.9·14·
988 345 1068 424 525
1130 356 1136 373 “
1230 436 1236 457 ⁴

40 526 114 600 Me
143 530 264 627 petit;
311 528 416 604 nihil
444 528 562 628 supra
604 534 609 541 '

99 665 209 741 Deos
236 660 393 739 laceffo:
435 688 509 739 nec
533 680 738 766 potentem
765 669 939 747 amicum

32 776 233 895 ⁶Lattga'oru
256 795 403 898 flagitO,
586 788 590 797 “

100 934 198 1013 Satis
219 933 356 1012 beatus
376 934 506 1013 unicis
522 933 685 1013 Sabinis.

965 1077 1071 1149 Tru·

39 1392 177 1449 avaritiae
199 1378 398 1471 r'apacitatique
417 1395 542 1452 divitum
574 1387 633 1448 n'on
648 1408 786 1467 aucupor,
808 1382 890 1449 abiis
906 1384 1003 1448 cantra
1022 1411 1085 1458 ex·.

38 1477 162 1551 pellunit
177 1479 283 1537 artibus
303 1499 362 1533 rem
378 1482 539 1559 augentium
573 1478 688 1554 petitus.
730 1476 868 1534 Praeclare
889 1482 923 1533 sac
941 1470 1069 1533 animum

40 1554 136 1629 (vib
158 1578 186 1617 et
201 1578 240 1632 23
264 1563 357 1644 qu.);
386 1567 482 1619 verius
503 1581 541 1619 ta-
573 1562 608 1617 ab
623 1563 702 1617 omui
715 1581 802 1637 opum
818 1562 970 1620 ambitione
982 1564 1071 1619 hono·
1102 1594 1108 1607 v

37 1665 106 1701 men
121 1648 283 1709 existimem,
305 1650 339 1703 ad
352 1650 539 1705 exornandam
572 1666 693 1719 tumque
708 1649 888 1702 contentione
896 1647 1027 1711 alienum,
1042 1665 1071 1705 et

40 1746 153 1786 tantum
175 1733 248 1787 vatic
270 1731 359 1787 ideam
390 1733 470 1788 docte
491 1733 540 1789 hic
573 1732 603 1784 iu
624 1731 679 1785 fola
702 1733 868 1786 Maecenatis
890 1735 976 1810 gratia
992 1754 1022 1787 ac
1035 1733 1070 1788 li·

37 1832 159 1891 apoeta
180 1817 271 1871 adiici.
322 1816 440 1875 Vatibus
461 1819 536 1871 enim
570 1815 714 1869 beralitate
728 1818 942 1886 acquiescentem
957 1820 1068 1892 profite·
1151 1822 1154 1827 ’

37 1919 74 1967 eat
89 1902 206 1975 antiqua
221 1904 343 1976 ipsorum
357 1903 474 1959 notione
482 1906 537 1977 pia·
572 1914 715 1972 curatque
731 1898 850 1973 explicat
863 1918 953 1975 poeta.
977 1907 1068 1975 Quam

39 2001 80 2040 tas
101 1985 147 2054 (sl.
174 1990 308 2059 17.14.)
329 1990 451 2063 vitaeque
472 1990 538 2042 inte·
571 1999 662 2039 tamen
685 1984 837 2045 rationem,
867 1986 899 2038 ad
925 1989 995 2060 leqq.
1018 1991 1068 2043 etti

36 2073 128 2145 gricas
143 2074 184 2137 (Ι.
202 2086 250 2125 22.
269 2075 316 2145 1.)
335 2070 456 2145 propria.
504 2073 537 2123 In
569 2087 703 2144 perquam
718 2070 968 2132 accommodatam,
989 2071 1068 2148 paul·
1156 2106 1159 2113 ·

36 2154 206 2225 Bacclaylide
220 2171 310 2211 tamen
326 2158 375 2211 est:
398 2148 478 2210 ἆλλοῖ
486 2150 535 2210 36·
568 2154 598 2208 lo
614 2152 786 2211 subtiliorem
801 2155 895 2209 videti
908 2154 1069 2219 lubeaalar.

35 2234 89 2314 pls
105 2233 231 2312 εὖμενῆς,
250 2241 345 2297 Μοῖσα
365 2262 395 2295 τι
410 2244 535 2310 γλυκεῖα,
570 2238 642 2316 gior.
687 2267 728 2280 -
754 2258 800 2291 ιι.
827 2240 999 2314 uiltilsup‘rc,
1023 2244 1067 2295 in.

38 2325 119 2403 quod
136 2326 228 2400 priori
248 2325 351 2381 rationi
378 2326 472 2379 favere
493 2325 536 2379 vi·
570 2325 663 2396 lupen,
682 2337 838 2396 praeterea,
869 2325 940 2379 Deos
960 2327 1067 2404 laceffc,
1104 2359 1108 2366 ·

35 2412 128 2466 detur.
174 2440 216 2452 -
247 2411 323 2466 Vena
346 2413 445 2487 ingenii
466 2410 536 2466 beni·
569 2427 586 2460 a
607 2407 672 2462 Diis
694 2422 810 2483 expeto,
832 2407 860 2460 in
877 2410 954 2464 votis
968 2409 1067 2477 liabeo,
1133 2437 1138 2442 ·

36 2519 109 2571 gna,
147 2514 218 2568 quae
237 2494 372 2575 benigne,
407 2495 436 2556 h.
459 2493 535 2571 large
568 2491 766 2558 niltilultetiua
776 2494 947 2567 concupisco.
965 2514 1067 2554 -ι2.

36 2588 50 2650 (
67 2590 83 2636 J.
97 2599 125 2655 9.
143 2579 194 2654 6.)
210 2580 290 2641 fluit,
312 2580 458 2657 ingenium
483 2579 536 2633 fer·
569 2578 627 2632 Nec
651 2575 765 2631 amicum
786 2592 923 2651 potentem
945 2580 1066 2646 divitiis,
1128 2605 1130 2610 ’

35 2665 102 2726 tile.
124 2663 294 2724 fecundum,
316 2663 430 2718 facultas
448 2664 537 2737 poeti·
569 2662 599 2714 in
620 2661 784 2736 amplillima
803 2663 916 2718 fortuna
939 2668 1069 2722 coustitu-

36 2770 75 2804 cu.
104 2751 179 2806 Nam
193 2750 282 2822 poetis
294 2750 423 2823 inprimit
431 2750 536 2820 flumen
571 2761 649 2807 tum,
671 2748 721 2819 qui
745 2746 812 2800 adeo
826 2763 854 2800 et
866 2747 988 2826 benigne
1002 2752 1068 2809 dare

37 2833 192 2893 tribuitur,
226 2832 297 2904 quod
319 2852 414 2887 rerum
435 2831 536 2886 verbo·
567 2831 672 2905 pollet,
698 2846 725 2884 et
743 2849 795 2905 pro
817 2850 863 2894 ea,
884 2849 938 2904 qua
960 2855 1004 2890 me
1027 2837 1069 2892 di.

35 2929 159 2992 rumqtte
182 2918 260 2992 copia
275 2917 427 2974 exuberant
449 2916 535 2990 phan-
568 2931 687 2992 guttur,
716 2918 850 2975 annicula,
874 2915 973 2972 lubens
995 2922 1069 2978 mihi

36 3005 238 3074 talntatumquc
253 3002 323 3055 mira
336 3002 470 3057 varietate
490 3001 544 3055 im-'
568 2999 684 3052 daturus
702 2998 782 3059 elset,
803 2999 993 3056 Maecenatem
1017 3008 1070 3060 lar.
1132 3017 1141 3050 t

35 3085 157 3163 mensum
181 3084 370 3161 prqfumloque
399 3105 445 3142 ore
472 3089 535 3145 ruit,
568 3087 647 3158 giora
664 3083 785 3155 flagito,
807 3098 839 3135 ut
852 3083 926 3137 mihi
945 3090 1068 3162 amplius

35 3175 85 3230 IV.
111 3185 140 3224 2.
164 3184 191 3236 7.
221 3170 272 3224 ubi
292 3170 352 3224 vid.
377 3171 445 3226 Not.
490 3170 535 3224 Sic
569 3166 723 3240 quidquam
759 3165 913 3245 largiatur,
957 3187 989 3226 ut
1017 3177 1069 3248 qui

34 3259 111 3312 dives
126 3254 244 3309 veaacst
255 3257 289 3308 A.
305 3257 412 3329 P.409.
435 3274 533 3309 -1o·
562 3250 635 3326 satis
669 3253 803 3324 superque
838 3252 947 3313 beatus.
986 3256 1068 3318 dine

35 3339 126 3395 Potest
143 3338 225 3418 iungi
240 3357 303 3392 cum
325 3338 533 3413 superioribus;
568 3335 641 3390 mihi
655 3336 762 3397 videar,
786 3350 934 3391 contentus
948 3342 996 3394 fim
1010 3349 1068 3400 uui·
1156 3365 1162 3374 ·

25 3424 158 3496 *ideoque
178 3424 290 3484 divites,
312 3424 535 3498 maximiinrep.
569 3423 606 3475 cis
627 3421 747 3481 Sabinis,
775 3420 861 3473 unico
877 3421 968 3499 agello
990 3427 1067 3483 Sabi.

33 3506 110 3569 viri,
131 3528 172 3560 me
187 3509 235 3560 etli
248 3528 409 3581 pauperem,
431 3525 536 3582 petunt,
568 3522 623 3569 1103
652 3506 710 3558 lete
731 3520 763 3558 ut
786 3507 821 3561 V·
848 3524 872 3559 1·
895 3520 943 3573 5¹·
995 3514 1068 3569 Satis

34 3611 129 3648 meam
142 3591 291 3645 amicitiant
307 3590 382 3646 ultio
391 3607 535 3667 expetunt,
563 3573 702 3665 suptrqlte
716 3610 756 3642 me
770 3589 919 3662 benignitas
935 3597 1068 3652 tua-dite·
1171 3629 1174 3636 ·

28 3678 71 3731 iis
88 3676 184 3750 placeo
199 3675 330 3732 facultate
343 3696 404 3742 mea
418 3678 534 3748 poetica.
568 3678 617 3729 vit.
674 3673 778 3727 Blanda
798 3688 891 3727 autem
914 3678 1067 3737 admodum

37 3749 82 3818 Gl.
97 3762 148 3816 IV.
166 3773 193 3825 ὅ.
218 3775 290 3814 extr.
336 3760 430 3816 Multo
444 3777 537 3826 tamen
569 3759 637 3814 haec
650 3757 684 3810 ad
701 3761 886 3812 Maecenatem
899 3763 935 3815 eli
950 3782 1067 3820 conver.

36 3845 186 3900 maiorvia
208 3844 371 3907 lucentia,
392 3866 441 3920 pet
455 3848 481 3902 [e
496 3865 537 3900 at·
569 3846 628 3904 sto,
679 3841 858 3913 eittsdemque
892 3839 1067 3906 liberalitati,

38 3943 149 4003 ceptae,
177 3927 259 3988 inest,
282 3929 336 3983 hoc
359 3931 472 4003 quidem
494 3933 536 3990 iu,-
569 3926 816 3986 commemoratio,
857 3945 908 3980 uec
949 3909 1068 3990 liutliosff

37 4017 119 4069 verso
146 4012 246 4066 modo:
275 4015 342 4069 Non
357 4014 424 4070 adeo
438 4031 536 4090 poten·
569 4012 715 4085 tumulltu,
753 4030 803 4064 1¹00
824 4010 966 4070 ambitiose
986 4017 1068 4076 facta.

38 4097 150 4153 tiorum
170 4096 283 4154 limina.
305 4116 404 4153 eorum
419 4100 536 4178 gratiam
570 4096 613 4151 Ol.
629 4099 678 4150 lll.
700 4094 746 4151 16.
762 4109 812 4170 29.

207 4205 212 4210 ·
969 4205 996 4239 ar.
1016 4197 1064 4255 ¹5·
